3559 5442
405 705 442 761 62
598 703 767 764 OPERIS
785 704 854 763 MA
850 702 988 782 JORIS
1005 702 1125 763 PARS
1144 702 1374 764 SECUNDA.

403 874 498 948 parte
527 854 594 948 qua
626 866 723 929 Italia
740 855 743 859 ¹
761 863 935 930 dicebatur
971 865 1156 946 antiquitus
1194 866 1321 948 Magna
1352 862 1500 942 Graecia,
1531 874 1567 928 et
1700 820 1707 966 i

402 958 502 1052 quia¹1
516 970 550 1032 hi
567 961 765 1033 studuerunt
788 965 821 1032 in
843 969 949 1047 Italia,
965 969 1040 1032 licet
1056 969 1174 1032 Graeci
1195 980 1229 1032 et
1248 971 1281 1032 in
1297 970 1411 1052 lingua
1427 969 1565 1034 Graeca.

403 1073 449 1136 Et
485 1074 539 1137 isti
577 1095 644 1137 non
683 1073 858 1137 voluerunt
889 1095 931 1136 se
960 1065 1071 1136 vocari
1089 1065 1278 1155 'sapientes
1308 1075 1366 1137 sed
1397 1085 1565 1137 amatores

401 1179 603 1261 sapientiae;
624 1199 764 1260 quorum
782 1178 935 1262 princeps
951 1177 1013 1239 suit
1030 1176 1258 1259 Pythagoras²
1274 1178 1407 1242 Samius
1422 1199 1443 1241 a
1459 1178 1564 1243 Samo¹

400 1282 516 1360 insula,
532 1305 552 1346 a
568 1303 635 1364 quo
651 1303 726 1345 cum
743 1290 955 1363 quaereretur
970 1281 1044 1363 quis
1059 1290 1147 1344 esset
1162 1282 1334 1364 respondit
1350 1282 1440 1365 quod
1457 1282 1563 1364 philo-

399 1386 534 1468 sophus,
551 1386 583 1448 id
602 1394 657 1448 ‘est
680 1395 810 1448 amator
832 1385 1014 1466 sapientiae,
1030 1385 1116 1447 sicut
1140 1385 1350 1467 Augustinus
1373 1386 1454 1449 dicit
1478 1386 1562 1449 libro

399 1499 538 1566 octav0;
562 1489 620 1551 sed
637 1487 767 1550 decimo
783 1495 902 1550 octavo
918 1486 1002 1549 libro
1024 1486 1066 1548 de
1089 1487 1231 1551 Civitate
1248 1488 1313 1550 Dei
1328 1488 1410 1551 dicit
1426 1489 1561 1572 Augus-

398 1581 497 1656 tinus
510 1591 601 1674 quod
623 1593 777 1675 apparuit
800 1591 1009 1673 Pythagoras
1031 1611 1072 1653 eo
1094 1599 1243 1674 tempore
1265 1611 1333 1673 quo
1355 1591 1561 1673 Judaeorum

398 1695 507 1758 soluta
523 1705 573 1758 est
588 1695 771 1777 captivitas
817 1694 862 1756 Et
881 1692 1064 1757 secundum
1081 1693 1228 1756 Tullium
1245 1695 1277 1756 in
1294 1695 1378 1758 libro
1393 1696 1501 1778 primo
1518 1697 1560 1759 de

399 1798 659 1883 Quaestionibus
704 1798 913 1875 Tusculanis,
957 1797 1140 1880 Tarquinio
1193 1797 1346 1881 Superbo
1398 1796 1559 1882 regnante

399 1905 570 1978 Romanis,
607 1904 663 1986 qui
697 1903 758 1966 suit
795 1895 980 1986 septimus¹
1009 1923 1029 1965 a
1067 1899 1213 1965 Romulo
1250 1913 1284 1965 et
1321 1902 1459 1965 ultimus
1496 1925 1558 1967 rex

399 1988 638 2084 Romanorum,
649 2015 724 2089 post
741 2027 839 2089 quem
855 2006 1029 2069 consules¹
1044 2007 1153 2069 exorti
1169 2015 1255 2084 sunt,
1266 2008 1358 2070 venit
1374 2008 1407 2069 in
1426 2005 1557 2071 Italiam

398 2111 615 2192 Pythagorae,
630 2119 663 2174 et
677 2109 776 2172 ¹iliam
801 2110 962 2192 Magnam
980 2109 1153 2173 Graeciam
1176 2107 1305 2172 tenuit¹
1325 2128 1402 2172 cum
1423 2110 1559 2188 honore,

396 2235 472 2278 cum
496 2215 678 2298 disciplina,
694 2235 769 2276 cum
792 2214 992 2276 auctoritate
1002 2232 1010 2290 ;
1033 2213 1113 2296 per¹
1128 2213 1234 2276 muita
1248 2213 1359 2276 secula
1375 2223 1490 2296 postea
1509 2215 1557 2278 sic

396 2319 502 2401 viguit
526 2315 837 2401 Pythagorie]orum
862 2337 993 2394 nomen,
1009 2327 1047 2380 ut
1069 2316 1150 2380 nulii
1167 2317 1222 2380 alii
1245 2317 1334 2380 docti
1356 2316 1556 2382 viderentur.

397 2423 443 2486 Et
466 2421 541 2486 hic⁷
557 2422 766 2504 Tarquinius,
782 2429 819 2483 ut
842 2420 955 2484 scribit
978 2420 1080 2498 Beda,
1095 2431 1245 2505 tempore
1269 2421 1348 2503 Cyri
1371 2423 1456 2504 regis
1481 2423 1557 2485 Per-

395 2547 514 2603 sarum,
527 2527 583 2610 qui
599 2524 726 2590 laxavit
741 2524 969 2609 captivitatem
982 2527 1193 2609 Judaeorum,
1204 2526 1348 2610 incepit8
1363 2548 1501 2610 regnare
1517 2549 1556 2591 ac

394 2632 544 2714 regnavit
580 2639 732 2714 tempore
770 2629 946 2712 Cambysis
984 2629 1041 2692 filii
1077 2630 1150 2712 ejus
1179 2639 1213 2693 et
1242 2630 1384 2693 duorum
1415 2631 1554 2695 fratrum

395 2728 622 2818 magorum,et
639 2734 741 2812 Darii,
751 2733 783 2796 in
800 2734 894 2816 cujus
906 2752 995 2797 anno
1007 2736 1154 2797 secundo
1166 2734 1328 2818 templum
1342 2729 1554 2799 aedificatum

395 2848 454 2916 est,
465 2847 499 2902 et
515 2847 594 2902 tunc
605 2837 713 2900 clarus
725 2837 911 2900 habebatur
923 2837 1138 2920 Pythagoras,
1150 2847 1187 2900 ut
1199 2838 1280 2901 dicit
1293 2835 1393 2915 Beda,
1403 2847 1438 2901 et
1454 2834 1552 2902 Zoro

394 2943 501 3020 babel,
510 2943 681 3026 AggaeuS,
694 2938 878 3018 Zacharias,
893 2950 926 3004 et
944 2940 1128 3005 Malachias
1142 2942 1322 3026 prophetae
1337 2939 1525 3006 claruerunt
1534 2943 1557 3008 ¹.

395 3047 603 3129 Pythagoras
618 3045 753 3129 quidem
770 3044 909 3108 edoctus
932 3045 994 3108 fuit
1016 3066 1036 3108 a
1053 3046 1245 3127 Pherecyde
1264 3046 1362 3128 Syrio
1372 3045 1405 3121 ¹⁰,
1421 3055 1457 3109 ut
1473 3048 1556 3110 dicit

393 3150 523 3214 Tullius
558 3150 641 3213 libro
677 3148 855 3232 praedicto
888 3149 945 3230 qui
984 3149 1193 3231 Pherecydes
1230 3150 1357 3233 primus
1388 3151 1555 3214 animos¹¹

318 3315 320 3320 .
392 3255 565 3318 hominum
582 3254 692 3336 posuit
709 3252 930 3331 immortales;
953 3253 1048 3335 cujus
1071 3262 1223 3337 tempora
1241 3275 1308 3317 non
1328 3253 1553 3318 certificantur

392 3359 454 3421 nisi
470 3379 528 3442 per
539 3369 671 3441 tempus
689 3356 900 3439 Pythagorae
921 3356 1074 3439 discipuli
1096 3358 1155 3433 sui,
1171 3357 1322 3439 quamvis
1345 3367 1379 3421 et
1404 3358 1553 3422 Isidorus

391 3460 475 3524 libro
490 3461 597 3544 primo
613 3461 703 3523 dicat
725 3458 815 3542 quod
841 3458 1048 3540 Pherecydes
1071 3460 1202 3543 scripsit
1225 3461 1379 3525 historias
1399 3467 1551 3545 tempore

392 3564 529 3640 Esdrae,
544 3566 633 3646 quod
651 3562 759 3646 potuit
774 3563 859 3626 forte
874 3582 946 3625 esse
961 3583 1074 3628 versus
1090 3563 1189 3628 finem
1205 3565 1294 3628 vitae
1310 3565 1413 3647 ipsius
1431 3567 1549 3629 Phere-

390 3661 486 3750 cydis
508 3678 541 3731 et
565 3669 597 3730 in
620 3667 793 3748 juventute
816 3665 952 3729 Esdrae.
1000 3666 1088 3729 Nam
1105 3685 1125 3729 a
1140 3676 1290 3751 tempore
1312 3686 1379 3750 quo
1401 3667 1550 3732 dictus¹¹

391 3778 441 3830 est
458 3768 664 3850 Pythagoras
685 3765 841 3829 claruisse
849 3764 874 3803 ¹²
889 3765 1059 3829 fluxerunt
1081 3767 1219 3849 triginta
1241 3787 1301 3830 sex
1324 3769 1404 3831 anni
1427 3769 1549 3850 quibus

391 3873 542 3954 regnavit
572 3871 701 3948 Darius,
731 3879 765 3933 et
795 3869 912 3952 viginti
941 3889 1002 3932 sex
1033 3871 1154 3952 quibus
1184 3871 1326 3947 Xerxes
1354 3882 1388 3934 et
1418 3882 1548 3956 septem

391 3994 521 4040 menses
547 3974 668 4057 quibus
692 3972 885 4037 Artabanus
896 3972 929 4052 ¹⁸,
951 3983 985 4037 et
1007 3993 1069 4036 sex
1091 3974 1171 4036 anni
1195 3974 1398 4038 Artaxerxis
1423 3977 1548 4060 Longi-

421 4197 430 4230 ¹
449 4198 481 4250 Ο.
495 4215 544 4248 om.
557 4196 624 4262 quia.
972 4194 984 4226 ¹
999 4196 1044 4260 0.,
1060 4195 1214 4262 Phitagoras.
1329 4194 1340 4228 ¹
1357 4197 1401 4260 0.,
1413 4200 1547 4252 secundm.

421 4280 431 4311 ⁴
448 4281 492 4342 O.,
506 4277 676 4345 proconsules.
972 4277 1033 4342 ⁵J.,
1046 4278 1157 4330 retinuit.

420 4361 431 4394 ⁶
445 4363 480 4428 J.,
493 4362 621 4425 multaque
632 4359 715 4411 secula
726 4365 812 4426 postea
823 4359 867 4412 sic.
909 4359 952 4423 0.,
966 4367 991 4410 et
1003 4367 1091 4424 postea
1102 4360 1137 4411 sic
1148 4359 1234 4426 viguit.

420 4443 431 4477 ⁷
447 4445 480 4496 Ο.
493 4461 543 4494 om.
558 4443 607 4493 hic.
969 4440 980 4472 ⁸
995 4443 1027 4492 V.
1042 4450 1140 4507 repeats
1150 4443 1245 4508 incepit
1255 4457 1368 4508 regnare.

358 4567 361 4572 .
420 4523 663 4590 ⁹J.‚narraverunt.
958 4520 1121 4584 100.,(ἷίῐο.
1151 4525 1194 4583 V.,
1208 4523 1281 4588 Syro.

409 4606 428 4638 ¹¹
446 4607 489 4670 0.,
503 4605 607 4656 animas.
958 4601 979 4634 ¹¹
994 4603 1039 4663 0.,
1051 4604 1134 4654 dictus
1147 4604 1296 4670 Phitagoras
1307 4605 1398 4657 dicitur
1409 4606 1534 4660 claruisse.

409 4687 429 4720 ¹¹
442 4689 479 4754 J,
492 4688 660 4739 Arthabanus.
696 4686 738 4749 O.‚
753 4687 888 4738 Arthabas.
924 4687 967 4749 V.,
980 4685 1121 4738 arthabalt
