3559 5442
271 683 621 744 PHILOSOPHIAE
645 684 751 744 CUM
768 684 1037 745 THEOLOGIA
1060 685 1315 747 AFFINITAS.
1349 701 1387 762 79

218 854 337 922 torum,
353 846 422 910 sive
438 846 471 909 in
488 845 577 908 libris
593 845 875 930 philosophorum,
888 847 957 910 sive
973 847 1006 910 in
1024 847 1186 930 scriptura
1202 868 1304 926 sacra,
1319 849 1388 911 sive

218 948 253 1009 in
270 946 413 1009 historiis
432 945 501 1008 sive
524 946 612 1012 alibi.
659 945 780 1009 Nullus
803 947 893 1009 enim
916 956 1107 1011 auctorest
1131 947 1234 1030 quin¹
1258 958 1389 1031 praeter

220 1049 437 1133 principalem
464 1049 685 1113 intentionem
712 1048 825 1132 aliqua
853 1049 1039 1113 incidenter
1061 1051 1177 1114 recitet
1199 1071 1287 1133 quae
1309 1062 1388 1116 sunt

220 1153 299 1216 alibi
321 1154 427 1236 magis
450 1154 600 1238 propria;
623 1163 658 1216 et
680 1152 895 1235 hujusmodi²
917 1174 1018 1217 causa
1040 1163 1090 1218 est
1113 1155 1261 1218 annexio
1283 1157 1388 1219 scien·

220 1257 352 1332 tiarum,
374 1257 452 1339 quia
475 1257 643 1339 quaelibet
665 1258 709 1321 ab
731 1258 796 1320 alia
819 1258 1072 1340 quodammodo
1095 1258 1271 1341 dependet.
1317 1260 1385 1324 Sed
1399 1265 1415 1315 f.
1429 1266 1549 1343 934b0sl·

220 1361 330 1424 omnis
346 1361 403 1443 qui
419 1360 534 1424 debito
553 1361 655 1424 modo
678 1370 799 1424 tractat
822 1362 864 1424 de
886 1361 1001 1444 aliquo
1023 1361 1124 1425 debet
1146 1382 1232 1444 quae
1254 1374 1333 1427 sunt
1355 1363 1385 1428 ei
1398 1332 1594 1461 ffiffiffing

221 1466 355 1548 propria
371 1464 548 1547 assignare,
559 1475 594 1528 et
609 1486 695 1547 quae
711 1465 897 1528 necessaria
908 1474 943 1528 et
955 1486 1035 1528 suae
1044 1466 1263 1548 competunt³
1277 1467 1385 1549 digni·
1397 1462 1426 1512 of
1433 1462 1450 1512 f.
1463 1466 1514 1526 94)-

221 1569 282 1631 tati
296 1591 304 1647 3
326 1577 360 1631 et
375 1568 451 1631 ideo
466 1568 657 1650 ubicunque
672 1589 712 1630 ea
727 1569 873 1632 inveniat
889 1569 1004 1632 novit*
1018 1590 1078 1633 sua
1094 1590 1337 1652 recognoscere,
1352 1579 1386 1634 et

221 1671 319 1734 ideo⁵
341 1682 502 1754 tanquam
525 1673 658 1755 propria
680 1671 782 1735 habet
803 1681 917 1755 rapere
937 1681 971 1736 et
994 1672 1028 1734 in
1051 1672 1132 1735 locis
1156 1674 1296 1757 propriis
1321 1674 1387 1737 col-

222 1775 339 1841 locare.
384 1777 524 1860 Propter
538 1776 628 1860 quod
652 1775 890 1860 philosophans
914 1776 1123 1841 Christianus
1138 1786 1249 1860 potest
1265 1778 1387 1842 multas

221 1879 436 1942 auctoritates
452 1889 485 1942 et
500 1881 645 1943 rationes
661 1880 791 1943 varias⁶
806 1890 839 1943 et
855 1881 1038 1943 sententias
1061 1880 1324 1964 quamplurimas
1345 1882 1387 1946 de

222 1983 414 2066 scripturis⁷
447 1985 519 2047 aliis
550 2005 651 2067 quam
682 1984 725 2047 de
762 1984 853 2047 libris
891 1985 1165 2067 philosophorum
1203 1984 1386 2048 infidelium

222 2088 379 2165 adunare,
402 2087 587 2152 dummodo
609 2089 676 2152 sint
699 2089 832 2171 propria
855 2088 1097 2175 philosophiae,
1117 2088 1170 2151 vel
1196 2090 1388 2152 communia

222 2192 253 2255 ei
269 2201 302 2255 et
318 2192 514 2274 theologiae,
528 2202 562 2255 et
578 2213 665 2275 quae
680 2193 902 2255 communiter
917 2190 1043 2255 habent
1058 2191 1208 2255 infideles
1223 2205 1257 2257 et
1273 2192 1387 2257 fideles

223 2293 367 2375 recipere
376 2292 395 2354 ⁸.
443 2293 488 2356 Et
501 2293 562 2355 nisi
575 2292 638 2354 hoc
651 2291 708 2354 fiat
724 2313 790 2355 nou
807 2291 1001 2374 perficietur,
1014 2292 1072 2355 sed
1089 2292 1231 2355 multum
1248 2293 1277 2356 ei
1293 2293 1387 2357 dero·

222 2391 362 2478 gabitur.
409 2396 454 2458 Et
470 2417 537 2459 non
553 2396 660 2458 solum
677 2395 778 2459 debet
793 2395 855 2458 hoc
868 2394 938 2459 fieri
953 2406 1088 2479 propter
1103 2396 1386 2479 complementum

223 2499 463 2582 philosophiae,
492 2500 551 2562 sed
590 2509 724 2582 propter
753 2499 993 2563 conscientiam
1024 2498 1249 2564 Christianam
1279 2500 1387 2582 quae⁹

223 2604 325 2667 habet
348 2624 482 2666 omnem
498 2604 672 2667 veritatem
696 2602 875 2666 reducere⁹
897 2602 940 2666 ad
957 2603 1112 2680 divinam,
1128 2612 1165 2665 ut
1180 2604 1211 2666 ei
1234 2603 1387 2685 subjicia-

223 2716 277 2769 tur
289 2717 321 2770 et
334 2707 513 2770 famuletur
525 2727 532 2784 ;
555 2717 655 2790 atque
667 2717 803 2789 propter
815 2705 877 2769 hoc
890 2705 1013 2789 quod1⁰
1027 2706 1237 2789 philosophia
1249 2706 1387 2770 infideli-

224 2831 281 2873 um
297 2820 349 2874 est
367 2811 500 2893 penitus
516 2811 642 2888 nociva,
658 2819 692 2874 et
715 2810 796 2873 nihil
811 2809 901 2873 valet
917 2808 1100 2873 secundum
1117 2831 1153 2872 se
1168 2810 1387 2876 considerata.

226 2915 313 2978 Nam
330 2913 542 2998 philosophia
557 2913 740 2978 secundum
757 2935 792 2977 se
808 2914 899 2977 ducit
911 2912 954 2976 ad
971 2914 1165 2976 caecitatem
1182 2912 1386 2994 iniemalem,

223 3029 258 3083 et
273 3018 350 3082 ideo
364 3028 495 3104 oportet
510 3018 601 3102 quod
617 3018 801 3082 secundum
817 3040 852 3082 se
868 3019 911 3081 sit
927 3017 1064 3080 tenebra
1080 3026 1114 3080 et
1128 3017 1245 3100 caligo.

257 3222 267 3254 1
282 3224 317 3289 J.,
331 3223 383 3289 qui.
787 3221 798 3253 ²
812 3225 847 3290 J.,
861 3225 943 3290 hujus.

226 3310 229 3315 '
256 3304 516 3372 80.,competentia.
659 3302 812 3370 ⁴O.,velut
824 3322 868 3355 sua
879 3321 1037 3370 cognoscere.
1171 3303 1230 3355 Ὀ.
1245 3322 1294 3355 om.
1309 3305 1373 3355 ideo.

255 3386 267 3419 ⁶
283 3389 315 3441 0.
330 3405 380 3438 om.
394 3388 481 3438 uarias.
788 3387 799 3421 ⁷
816 3389 860 3448 0.‚
873 3387 980 3453 scriptis.
1172 3385 1184 3418 ⁸
1200 3388 1244 3449 0.,
1258 3388 1372 3453 reperire,

256 3468 267 3501 ⁹
281 3470 318 3535 J.,
340 3471 356 3496 “
366 3471 459 3536 quaeh
477 3507 483 3520 .
503 3505 509 3520 .
530 3505 537 3521 .
557 3468 699 3519 reducere.'’
734 3469 777 3534 0.,
790 3485 855 3534 quae
866 3469 942 3519 habet
954 3485 1054 3519 omnem
1065 3467 1195 3518 veritatem
1206 3469 1305 3522 ducere.
1340 3471 1384 3529 V.,

224 3568 289 3618 quae
299 3552 377 3601 habet
387 3568 471 3602 casum
483 3558 593 3601 mentem
605 3552 730 3606 reducere.
987 3547 1008 3580 ¹⁰
1025 3550 1056 3600 Ο.
1071 3567 1121 3599 om.
1135 3550 1213 3616 quod.
