3559 5442
472 712 768 773 ADDITIONAL
792 713 953 784 NOTES,
977 713 1066 773 VOL.
1089 715 1136 773 II.
1328 715 1382 791 185

225 879 289 929 sicut
311 896 356 930 nec
379 888 462 929 motus
485 880 621 930 secundum
644 881 726 928 locum
749 888 829 928 rectus
851 878 907 928 sciri
930 878 983 929 sine
1000 879 1069 929 libris
1085 882 1223 946 ponderum
1240 888 1323 946 potest
1339 897 1385 930 nec

225 960 350 1011 circularis
361 962 414 1011 sine
425 962 568 1025 astrologia,
581 961 640 1026 quia
657 962 699 1010 ille
709 968 792 1010 motus
808 960 911 1010 adducit
926 961 1076 1011 universalia
1086 963 1239 1025 generantia,
1252 971 1387 1027 quaesunt

225 1043 320 1107 stellae,
344 1044 376 1093 ad
402 1043 512 1108 singulas
539 1050 622 1109 partes
646 1041 809 1094 habitationis
834 1051 907 1108 prout
930 1043 1030 1108 expedit
1056 1045 1158 1095 mundo.
1206 1045 1291 1094 Motus
1318 1044 1385 1094 enim

226 1140 358 1173 numorum
379 1134 405 1174 et
420 1126 600 1174 elementorum
618 1123 744 1173 mixtionis
764 1123 791 1172 in
807 1125 968 1188 generatione
985 1140 1067 1173 rerum
1083 1124 1232 1174 naturalium
1249 1125 1386 1174 secundum

224 1205 317 1268 gradus
328 1214 354 1254 et
365 1205 538 1272 proportiones
548 1205 638 1265 varias,
650 1213 678 1254 ut
689 1205 795 1269 exigitur
807 1205 834 1254 in
850 1220 931 1254 rerum
940 1205 1101 1269 generatione
1112 1206 1254 1266 mixtarum,
1267 1206 1324 1255 sciri
1334 1222 1385 1255 non

225 1295 310 1351 potest
325 1287 379 1337 sine
401 1295 526 1352 potestate
542 1287 701 1337 scientiarum
717 1303 822 1352 quarum
838 1296 876 1336 est
893 1287 977 1336 omnia
993 1303 1085 1351 genera
1101 1287 1290 1352 proportionum
1306 1288 1386 1338 consi-

225 1369 311 1418 derare
327 1370 456 1419 ethanim
473 1369 595 1420 rationem
612 1371 680 1420 dare.
715 1371 750 1419 Et
765 1368 907 1434 hujusmodi
923 1377 980 1418 sunt
996 1368 1052 1418 libri
1069 1369 1265 1430 Elementorum,
1283 1377 1308 1420 et
1325 1370 1388 1420 liber

225 1451 258 1500 de
280 1451 489 1516 proportionibus,
513 1459 538 1501 et
553 1451 711 1500 arithmetica
727 1467 778 1500 non
794 1451 874 1499 solum
890 1450 1043 1515 speculativa
1058 1452 1103 1501 sed
1121 1451 1198 1500 etiam
1221 1452 1337 1517 practica,
1355 1469 1386 1502 ex

225 1533 433 1598 quibusJacobus
443 1533 550 1583 Alkindi
566 1549 637 1583 suam
654 1533 783 1583 scientiam
794 1532 882 1582 utilem
893 1533 926 1582 de
942 1533 1061 1596 gradibus
1072 1533 1188 1584 extrahit.
1224 1533 1343 1585 Similiter
1355 1536 1387 1584 de

224 1616 401 1680 generantibus
418 1617 477 1682 ipsis
493 1615 681 1677 universalibus,
700 1632 764 1680 quae
780 1623 838 1664 sunt
853 1615 917 1664 caeli
934 1623 959 1665 et
978 1615 1073 1675 stellae,
1086 1632 1138 1665 non
1154 1616 1235 1665 solum
1252 1617 1387 1681 astrologia

224 1697 378 1762 speculativa
389 1699 432 1747 sed
449 1697 525 1747 etiam
542 1697 652 1762 practica
668 1696 819 1747 necessariae
835 1704 902 1747 sunt.
938 1697 978 1746 De
993 1697 1131 1761 geometria
1142 1714 1193 1746 non
1203 1699 1283 1748 solum
1301 1715 1387 1762 specu·

225 1779 302 1829 lativa
311 1780 356 1830 sed
367 1780 447 1844 magis
458 1779 567 1845 practica
578 1786 672 1829 certum
684 1787 721 1829 est
732 1779 799 1844 quod
811 1779 912 1828 effectus
923 1780 1048 1828 naturales
1059 1779 1118 1829 satis
1126 1787 1208 1843 egent,
1222 1780 1285 1830 sieut
1295 1780 1388 1830 accidit

225 1861 251 1910 in
262 1861 423 1912 fabricatione
434 1863 592 1928 speculorum
600 1860 808 1920 comburendum,
823 1869 848 1910 et
860 1860 1008 1925 figuratione
1020 1861 1204 1926 perspicuorum
1215 1870 1240 1912 et
1251 1863 1385 1912 multorum

223 1945 442 1993 instrumentorum
462 1944 488 1993 in
509 1944 600 2009 quibus
618 1944 788 2004 ostenduntur,
808 1950 832 1992 et
848 1959 892 2007 per
913 1959 977 2008 quae
996 1943 1059 1992 fiunt
1078 1943 1197 1993 miracula
1213 1945 1386 2009 operationum

225 2029 335 2085 naturae,
358 2030 387 2072 ut
408 2021 581 2087 explanabitur
608 2020 716 2070 inferius
753 2021 786 2070 Et
809 2020 866 2069 ideo
893 2021 980 2070 volens
1005 2020 1068 2070 scire
1091 2021 1278 2084 generationem
1304 2038 1385 2072 rerum

224 2103 388 2153 universalem
409 2103 559 2153 naturalium
576 2119 627 2152 non
643 2111 726 2167 potest
748 2103 866 2168 proficere
886 2102 937 2151 nisi
957 2119 1001 2167 per
1017 2103 1205 2153 mathematicas
1220 2103 1341 2169 practicas
1362 2114 1387 2154 et

225 2181 388 2251 speculativas
404 2193 429 2235 et
440 2185 555 2236 scientias
570 2194 714 2250 aspectuum
726 2191 750 2234 et
767 2185 905 2249 ponderum
917 2203 925 2244 ;
940 2185 1003 2234 sicut
1019 2185 1161 2235 desiderans
1172 2186 1234 2236 scire
1244 2186 1271 2235 in
1281 2187 1386 2251 particu-
1403 2250 1404 2254 Ἰ
1440 2251 1441 2256 ¹

225 2267 271 2318 lari
280 2268 466 2332 generationem
473 2268 559 2317 harum
569 2283 650 2317 rerum
657 2283 708 2316 non
717 2273 800 2332 potest
808 2267 870 2316 scire
878 2266 973 2331 aliquid
985 2266 1089 2331 dignum
1101 2267 1155 2316 sine
1161 2268 1275 2328 alkimia‚
1288 2276 1313 2318 et
1323 2269 1386 2334 agri·

225 2352 321 2399 cultura
332 2349 441 2414 physica,
455 2358 480 2398 et
496 2348 599 2398 scientia
613 2348 809 2414 experimentali,
823 2365 853 2397 eo
869 2349 946 2413 quod,
963 2355 991 2397 ut
1001 2349 1082 2413 patuit
1097 2349 1124 2397 in
1139 2349 1220 2415 prima
1236 2358 1306 2414 parte
1316 2352 1388 2417 hujus

224 2432 314 2497 operis,
335 2439 360 2481 et
381 2432 407 2479 in
428 2432 509 2496 prima
529 2429 612 2495 specie
632 2430 759 2495 qualitatis
780 2430 806 2478 in
832 2446 883 2495 qua
904 2429 1022 2480 scientiae
1033 2431 1225 2495 distinguuntur,
1247 2432 1389 2483 alkimistae

225 2514 392 2565 determinant
402 2515 434 2563 de
444 2513 561 2562 omnibus
571 2514 644 2562 rebus
652 2511 795 2561 inanimatis
806 2512 832 2560 in
842 2511 985 2577 particulari
995 2513 1028 2561 ab
1038 2513 1166 2562 elementis
1176 2516 1295 2578 usquead
1305 2522 1390 2580 partes

224 2597 369 2646 animalium
385 2604 410 2646 et
426 2597 567 2661 plantarum
584 2595 713 2655 inclusive,
736 2603 760 2643 et
783 2593 933 2658 agricultura
952 2594 1055 2658 physica
1071 2595 1219 2644 determinat
1240 2595 1266 2644 iu
1288 2597 1389 2662 propria

226 2679 357 2744 disciplina
378 2694 465 2728 omnes
480 2677 612 2727 varietates
627 2685 771 2726 naturarum
788 2684 813 2726 et
830 2675 1010 2742 proprietatum
1028 2676 1054 2725 in
1072 2677 1164 2740 plantis
1180 2686 1205 2728 et
1221 2677 1370 2728 animalibus
1380 2698 1392 2739 ;¹

225 2763 360 2812 secundum
382 2761 450 2826 quod
472 2760 618 2810 Aristoteles
642 2773 673 2823 50
694 2757 863 2808 voluminibus
884 2757 1019 2822 explicavit
1046 2767 1145 2808 naturas
1172 2767 1197 2809 et
1225 2760 1388 2824 proprietates

225 2843 381 2902 animalium,
393 2851 422 2892 et*
435 2842 462 2892 in
472 2842 558 2892 multis
569 2842 637 2891 libris
648 2857 690 2891 eas
706 2857 771 2907 quae
787 2841 819 2889 ad
836 2841 934 2905 plantas
951 2839 1076 2904 pertinent
1092 2841 1277 2906 explicaverunt
1293 2842 1347 2907 ipse
1363 2851 1388 2894 et

225 2926 268 2975 alii
279 2924 430 2990 philosophi,
442 2924 520 2990 quiin
530 2924 600 2974 libris
608 2923 762 2973 naturalibus
772 2939 877 2988 quorum
889 2929 927 2972 est
937 2921 964 2970 in
974 2921 1108 2972 universali
1124 2925 1156 2973 de
1166 2923 1215 2973 illis
1224 2925 1389 2976 determinare

226 3025 277 3057 non
296 3014 400 3073 possunt
415 3023 461 3057 nec
472 3008 563 3057 debent
573 3005 702 3066 coarctari,
719 3005 783 3054 sicut
800 3021 845 3054 nec
862 3020 971 3069 eaquae
987 3004 1108 3054 derebus
1125 3005 1267 3055 inanimatis
1287 3007 1388 3057 scienda

225 3099 290 3150 sunt,
302 3098 327 3140 et
337 3107 402 3155 quae
411 3089 553 3139 alkimistae
563 3088 690 3153 explicant
701 3088 727 3137 in
738 3087 888 3152 particulari
925 3086 1034 3137 Scientia
1049 3095 1133 3137 autem
1149 3088 1304 3153 particularis
1314 3091 1388 3140 docet

225 3173 356 3224 certificari
377 3189 465 3222 omnes
480 3171 651 3222 conclusiones
668 3169 786 3219 naturalis
803 3169 983 3234 philosophiae,
1002 3170 1071 3234 quod
1090 3187 1141 3220 non
1164 3179 1246 3235 potest
1268 3172 1387 3222 naturalis

226 3255 384 3321 philosophia
394 3255 486 3305 tradita
493 3254 520 3304 in
530 3253 600 3304 libris
611 3252 752 3303 Aristotelis
758 3252 825 3316 apud
837 3251 942 3301 Latinos
952 3251 1059 3316 vulgatis
1067 3252 1116 3301 nisi
1126 3253 1191 3303 cirea
1199 3269 1244 3303 sua
1255 3254 1385 3320 principia,

225 3337 344 3403 quoniam
360 3353 404 3402 per
419 3344 567 3400 argumenta
581 3334 698 3384 convenit
715 3334 838 3395 (continet
845 3335 866 3394 l)
888 3333 1059 3383 conclusiones
1075 3350 1106 3382 ex
1123 3334 1251 3399 principiis
1272 3337 1315 3384 sed
1335 3353 1387 3386 non

226 3419 322 3470 invenit
337 3436 379 3469 eas
394 3435 438 3483 per
457 3417 644 3482 experientiam,
669 3423 694 3466 et
716 3416 773 3466 ideo
797 3415 932 3466 certificare
951 3432 1002 3465 non
1019 3423 1101 3480 potest
1127 3416 1181 3466 sine
1204 3417 1252 3466 hac
1273 3413 1384 3468 'seientia

226 3502 385 3565 Quapropter
395 3516 447 3548 non
467 3506 504 3549 eet
521 3498 662 3548 mirandum
684 3499 706 3546 si
722 3497 788 3548 circa
804 3496 1006 3547 certificationem
1022 3497 1149 3561 agentium
1166 3498 1314 3547 naturalium
1330 3500 1389 3549 volo

226 3584 360 3648 procedere
377 3597 421 3646 per
431 3581 547 3631 scientias
568 3588 713 3645 aspectuum
730 3587 755 3630 et
777 3580 838 3629 alias
855 3579 985 3643 practicus,
1003 3579 1104 3644 quando
1120 3579 1263 3630 naturaliter
1279 3581 1386 3645 philoso-

228 3666 308 3731 phans
324 3663 350 3713 in
366 3663 436 3717 libris
452 3662 605 3712 naturalibus
620 3662 711 3728 quibus
727 3663 815 3726 vulgus
836 3661 914 3712 utitur
936 3661 1084 3711 Latinorum
1101 3662 1181 3711 nudus
1203 3661 1309 3712 estsine
1333 3663 1388 3713 aliis

226 3746 343 3808 scientiis,
355 3763 399 3796 nec
408 3752 490 3810 potest
500 3745 606 3794 multum
615 3744 663 3794 nisi
674 3761 718 3810 per
734 3745 801 3793 viam
819 3743 967 3793 narrationis
978 3752 1003 3793 et
1013 3751 1159 3807 argumenta
1167 3744 1297 3794 dialectica
1307 3754 1332 3795 et
1343 3762 1389 3810 per

226 3830 327 3879 effectus
335 3835 360 3878 et
367 3844 453 3878 causas
463 3835 571 3877 remotas
582 3828 723 3890 procedere,
733 3834 758 3876 et
771 3827 877 3875 multum
888 3825 915 3874 in
925 3825 1058 3876 universali
1069 3842 1113 3892 per
1124 3826 1216 3876 omnia.
1249 3828 1307 3892 Jam
1319 3829 1386 3878 enim

227 3910 307 3975 patuit
327 3910 395 3976 quod
423 3907 581 3974 philosophia
603 3909 720 3957 naturalis
742 3906 908 3957 communiter
929 3915 955 3957 et
977 3909 1045 3971 large
1067 3916 1167 3972 sumpta
1193 3908 1268 3958 habet
1295 3925 1386 3958 novem

226 3993 341 4043 scientias
361 3991 519 4057 principales,
531 4007 636 4055 quarum
658 4007 707 4039 una
729 4000 754 4039 et
770 3989 841 4039 vilior
857 3998 895 4039 ast
911 4005 961 4053 qua
979 3988 1064 4038 Latini
1074 3997 1176 4039 utuntur
1192 3989 1218 4038 in
1235 3989 1303 4040 libris
1319 3991 1387 4040 Asis·

226 4075 318 4138 totelis,
342 4074 494 4134 Avicennae,
518 4072 635 4123 Averrois
651 4080 676 4122 et
693 4072 807 4122 aliorum.
844 4071 993 4122 Communia
1021 4071 1086 4120 enim
1109 4073 1170 4120 haec
1192 4081 1250 4123 sunt
1266 4073 1389 4123 etleviter

226 4157 350 4221 explicata
365 4157 391 4206 in
414 4156 484 4205 libris
504 4171 590 4205 eorum
611 4154 654 4220 qui
680 4155 749 4218 apud
766 4153 869 4203 Latinos
898 4160 975 4212 sunt;
1000 4169 1106 4217 quorum
1133 4153 1298 4204 intentionem
1329 4171 1387 4205 cum

227 4255 356 4290 causarum
367 4238 534 4304 assignatione
544 4238 653 4288 conabor
669 4244 697 4286 ut
713 4244 800 4301 potero
816 4236 948 4300 assignare.
985 4235 1095 4285 Primum
1109 4235 1183 4300 igitur
1199 4236 1334 4302 capitulum
1352 4239 1389 4299 (et

228 4339 280 4388 seq.
294 4338 364 4371 ason
374 4322 425 4370 vol
438 4321 464 4370 ii.
478 4337 502 4386 p.
517 4321 585 4383 407).
1074 4324 1075 4328 ’

262 4406 322 4454 Few
341 4419 457 4469 passages
476 4403 556 4452 throw
575 4419 590 4452 a
612 4408 726 4466 stronger
745 4400 808 4464 light
827 4416 861 4450 on
881 4401 987 4449 Bacon's
1002 4399 1185 4465 philosophical
1200 4400 1311 4467 position
1326 4403 1389 4453 than

227 4488 272 4548 the
282 4486 419 4551 loregoing.
435 4542 437 4545 ¹
455 4486 540 4535 While
550 4484 717 4548 anticipating
734 4483 777 4532 the
793 4481 913 4532 scientific
930 4497 1079 4533 renascence
1096 4480 1125 4531 os
1138 4483 1181 4531 the
1200 4484 1258 4533 16th
1274 4490 1386 4550 century,
1421 4487 1425 4494 '

228 4570 262 4619 he
281 4584 357 4618 never
377 4569 426 4617 lost
441 4566 480 4617 his
500 4568 569 4629 hold,
589 4584 617 4618 as
628 4566 677 4616 the
696 4566 790 4616 second
809 4567 895 4615 Bacon
916 4565 969 4624 did,
986 4564 1016 4613 oi
1031 4565 1074 4615 the
1093 4565 1215 4614 scientific
1234 4564 1389 4617 inheritance

228 4651 329 4701 handed
346 4650 423 4701 down
438 4648 503 4699 from
522 4651 566 4699 the
583 4648 680 4699 Greeks
699 4648 810 4713 through
826 4647 869 4697 the
885 4646 1019 4697 Arabiane.
1055 4646 1179 4712 Specially
1196 4649 1351 4699 remarkable
1369 4651 1390 4699 is

273 4757 372 4808 SUPP.
389 4755 470 4806 VOL.
1234 4754 1258 4804 O
