3559 5442
496 674 792 733 ADDITIONAL
813 675 973 746 NOTES,
999 675 1086 736 VOL
1110 677 1156 734 II.
1350 676 1401 734 181

281 855 305 903 p.
322 855 376 900 170.
391 840 406 890 l
423 856 461 901 14.
497 840 677 905 propterquod
689 839 735 901 ait]
768 841 800 889 X.
814 841 868 899 has,
882 851 907 890 et
927 842 962 891 sic
974 849 1043 906 patet
1054 857 1097 906 per
1109 841 1186 892 vitam
1198 841 1404 907 philosophorum

246 929 272 970 et
283 921 420 971 sententias
439 938 533 982 eorum,
548 932 576 972 ut
592 921 618 971 in
635 922 771 971 moralibus
786 922 887 972 uberius
904 932 1058 988 exponetur3
1075 925 1261 989 propterquod
1279 923 1406 988 Scriptura

246 1002 387 1068 dicitquod
403 1003 431 1054 in
447 1003 591 1053 malivolam
608 1004 718 1053 animam
735 1020 787 1054 non
803 1005 917 1055 introibit
934 1005 1124 1075 sapientia-nec
1141 1006 1167 1055 in
1183 1021 1288 1071 corpore
1304 1005 1406 1056 subdito

247 1084 363 1149 peccatis.
400 1085 601 1151 Nam(etseq.).

280 1183 304 1231 p.
321 1184 375 1229 170.
389 1168 405 1219 1.
420 1185 460 1220 21.
496 1167 638 1231 veritatem]
670 1166 841 1231 virtutemx.
949 1222 955 1233 ‚

279 1267 304 1314 p.
321 1266 373 1312 171.
389 1252 456 1314 ¹·l0·
492 1250 602 1300 scientiis
612 1250 738 1314 humanis]
770 1252 803 1301 X.
817 1252 888 1313 adds,
905 1253 938 1302 Et
949 1250 1056 1317 quilibet
1065 1253 1167 1302 deberet
1179 1253 1211 1302 ad
1223 1253 1268 1302 has
1278 1251 1404 1316 experien-

244 1332 292 1380 tias
303 1332 494 1395 anticimenon
504 1333 585 1383 solum
599 1333 736 1398 pervitam
753 1333 914 1398 spiritualem,
930 1335 973 1384 sed
990 1351 1035 1399 per
1051 1335 1254 1385 certificationem
1271 1335 1407 1398 sapientiae

246 1430 297 1463 non
308 1415 390 1464 solum
400 1414 500 1465 divinae
516 1417 560 1465 sed
577 1416 707 1467 humanae.
744 1417 905 1481 Experientia
921 1417 995 1480 igitur
1012 1418 1149 1467 necessaria
1165 1427 1201 1466 est
1219 1417 1300 1480 nobis,
1313 1425 1339 1466 et
1355 1434 1405 1465 non

246 1496 336 1545 sufficit
351 1506 534 1560 argumentum.
572 1498 605 1548 Et
618 1499 674 1548 ideo
686 1500 723 1559 (et
734 1515 785 1564 seq.
791 1500 807 1559 l.

279 1596 303 1644 p.
322 1597 375 1644 172.
390 1580 451 1646 Cap.
467 1581 491 1630 ii.
506 1583 523 1633 l.
556 1599 576 1631 1.
613 1583 647 1632 Et
657 1579 728 1647 quia]
755 1582 844 1632 Before
861 1582 911 1632 this
921 1584 951 1633 X.
967 1585 1021 1644 has,
1032 1583 1188 1633 Nobiliorem
1200 1590 1284 1632 autem
1293 1583 1404 1631 scientia·

246 1679 301 1711 rum
312 1669 338 1712 et
347 1662 472 1713 utiliorem
484 1673 541 1728 post
553 1664 672 1713 moralem
684 1665 741 1713 dico
752 1681 807 1714 esse
814 1663 943 1714 scientiam
956 1665 1184 1730 experimentatem.

279 1762 304 1809 p.
322 1761 374 1807 172.
390 1746 405 1796 l.
438 1764 459 1810 3.
495 1745 669 1809 ostendantur]
702 1748 734 1796 X.
759 1746 830 1809 adds,
849 1748 933 1811 Quam
957 1747 1100 1797 brevissime
1119 1748 1193 1811 igitur
1216 1747 1308 1812 possim
1329 1754 1407 1797 trans·

244 1842 342 1876 curram
361 1829 414 1893 ejus
435 1828 531 1878 radices
553 1828 686 1878 altissimas
702 1830 765 1879 inter
783 1828 907 1891 scientias,
926 1837 951 1879 et
974 1830 1104 1880 ostendam
1126 1830 1254 1894 quomodo
1270 1829 1354 1879 utilior
1369 1839 1407 1878 est

244 1909 386 1973 theologiae
399 1926 475 1975 quam
491 1910 574 1977 aliqua
589 1911 694 1960 aliarum
711 1912 744 1961 de
759 1911 920 1976 speculativis
937 1912 1054 1962 scientiis.
1091 1912 1163 1962 Haec
1178 1911 1252 1976 igitur
1269 1912 1321 1961 sola
1338 1913 1407 1961 novit

248 1990 356 2056 prot'erre
373 2000 441 2043 certe
456 1993 518 2058 quid
537 1992 616 2059 possit
633 1993 686 2043 fieri
704 2010 748 2059 per
766 2001 888 2054 naturam,
906 1994 968 2059 quid
986 2011 1029 2060 per
1046 2003 1111 2045 artes
1127 1993 1265 2055 hominum,
1282 1995 1343 2059 quid
1363 2012 1407 2060 pcr

246 2075 404 2140 operationes
415 2075 546 2140 spirituum
556 2093 635 2138 verus,
649 2076 710 2141 quid
720 2093 766 2142 per
776 2077 875 2126 fraudes
892 2077 1015 2126 malorum
1025 2095 1033 2137 ;
1048 2077 1108 2142 quid
1121 2077 1208 2126 volunt
1220 2078 1255 2139 (et
1266 2094 1317 2142 seq.
1323 2078 1339 2138 ).

279 2175 304 2222 p.
322 2175 374 2221 172.
390 2160 405 2207 l.
424 2161 459 2209 16.
501 2176 532 2209 ex
543 2157 671 2224 principiis
679 2158 799 2224 inventis]
825 2176 855 2208 ex
867 2159 994 2224 principiis
1006 2160 1113 2210 inventis
1122 2161 1153 2210 ad
1163 2159 1219 2210 illas
1225 2160 1406 2219 conclusiones,

247 2239 279 2288 X.

280 2338 304 2386 p.
322 2338 374 2385 173.
388 2322 405 2371 l.
435 2339 458 2384 7.
493 2322 547 2372 sine
558 2323 746 2386 mathematica]
779 2324 810 2372 X.
831 2323 902 2385 adds,
916 2333 943 2372 ut
960 2323 1028 2388 prius
1050 2331 1177 2373 ostensum
1195 2331 1252 2384 est;
1269 2333 1294 2372 et
1310 2323 1407 2389 aliquae

247 2403 366 2453 scientiae
387 2403 451 2454 aliae
473 2405 567 2455 habent
595 2405 762 2470 experientias
789 2404 951 2470 particulares
978 2406 1152 2471 incompletas,
1180 2414 1208 2455 ut
1237 2406 1361 2456 medicina
1383 2413 1407 2454 et

247 2484 352 2535 alkimia
361 2492 387 2535 et
398 2487 549 2552 hujusmodi
586 2487 668 2538 Sedsi
681 2487 802 2551 (etseq.).

281 2586 306 2633 p.
320 2582 373 2632 ¹73·
387 2568 403 2619 1.
420 2585 457 2620 10.
493 2568 650 2632 auctoritate]
683 2569 876 2629 antonomatice,
890 2570 922 2620 X.
935 2571 986 2618 and
1000 2570 1031 2619 O.

281 2651 408 2716 p.173.l.
425 2667 462 2716 ¹3·
498 2653 613 2716 apparet]
646 2658 777 2716 apparent,
791 2652 823 2702 X.

281 2751 307 2799 p.
321 2750 374 2798 173.
389 2734 405 2784 l.
422 2737 460 2783 18.
495 2733 673 2799 inhacparte]
707 2735 739 2784 X.
758 2735 830 2795 adds,
850 2733 901 2784 Sed
918 2749 1044 2783 sermones
1061 2749 1147 2784 eorum
1164 2733 1265 2784 inutiles
1281 2735 1361 2797 [sunt]
1383 2743 1408 2784 et

249 2832 293 2881 per
315 2824 464 2880 argumenta
486 2804 540 2866 sine
567 2815 727 2881 experientiis
749 2815 938 2866 conclusionum
966 2815 1153 2878 sufficientibus,
1183 2824 1208 2867 et
1230 2815 1287 2866 ideo
1314 2817 1408 2866 nullam

248 2898 423 2949 certitudinem
440 2906 562 2964 generant
579 2898 605 2949 in
621 2899 738 2949 cordibus
754 2898 904 2951 auditorum.
942 2899 976 2948 Et
993 2915 1044 2948 non
1060 2899 1141 2948 solum
1157 2899 1234 2948 dubia
1251 2898 1410 2949 inveniuntur

249 2983 317 3046 apud
328 2983 418 3031 doctos
428 2983 472 3031 sed
490 2981 560 3032 falsa.
596 2984 663 3032 Nam
680 2982 707 3030 in
724 2981 887 3031 translatione
904 2981 960 3030 libri
977 2982 1147 3032 Meteororum
1164 2982 1311 3047 pervulgata
1320 2981 1410 3031 dicitur

248 3064 317 3129 quod
341 3064 448 3113 aradiis
471 3065 544 3113 lunae
561 3080 612 3114 non
629 3063 657 3114 fit
673 3064 716 3114 iris
732 3063 780 3113 nisi
801 3064 840 3113 bis
863 3064 890 3113 in
911 3063 1093 3129 quinquaginta
1114 3064 1194 3114 annis.
1231 3066 1266 3115 Et
1288 3064 1410 3115 maximus

251 3145 371 3195 naturalis
382 3154 408 3195 et
425 3146 596 3212 perspectivus
612 3163 688 3212 quem
704 3146 757 3196 vidi
773 3146 853 3197 voluit
876 3153 902 3196 et
914 3147 961 3195 hoc
983 3161 1069 3195 verum
1087 3147 1181 3196 salvare
1198 3153 1223 3196 et
1234 3148 1287 3213 ejus
1309 3162 1408 3196 causam

248 3225 363 3286 reddere,
381 3225 441 3274 dum
466 3227 520 3291 ejus
535 3225 634 3275 auditor
655 3243 671 3274 a
685 3227 817 3292 juventute
833 3224 907 3275 suerit
923 3225 1081 3274 constitutus.
1118 3224 1167 3274 Sed
1188 3225 1242 3290 ipse
1258 3226 1409 3290 argumentis

250 3304 368 3352 seductus
378 3302 447 3365 [luit]
470 3312 496 3352 et
518 3303 681 3354 translatione
702 3303 773 3365 falsa,
796 3302 916 3369 quoniam
937 3302 1091 3369 experientia
1113 3303 1187 3352 docet
1207 3304 1276 3369 quod
1292 3303 1319 3353 in
1340 3304 1409 3353 omni

250 3385 389 3450 plenilunio
406 3385 427 3434 si
443 3386 502 3434 luna
519 3385 586 3435 lucet
601 3385 654 3435 sine
671 3385 852 3450 impedimento
867 3384 972 3434 nubium
986 3393 1011 3435 et
1027 3401 1157 3450 vaporum,
1176 3392 1201 3434 et
1212 3386 1315 3435 materia
1326 3387 1409 3436 rorida

250 3467 282 3518 sit
292 3474 412 3532 generata
422 3467 449 3517 in
465 3467 624 3533 oppositione
640 3468 722 3532 lunae,
735 3467 895 3532 generabitur
911 3467 953 3517 iris
970 3467 1116 3518 necessari0.
1153 3467 1194 3517 Sic
1212 3476 1250 3518 est
1266 3469 1297 3517 de
1314 3468 1373 3518 halo
1384 3477 1409 3518 et

250 3551 316 3600 linea
335 3550 535 3615 perpendiculari
550 3567 625 3617 quam
649 3551 745 3614 fingunt
768 3567 822 3601 esse
844 3550 943 3601 tertium
966 3549 1154 3615 impressionem
1176 3550 1320 3600 coloratam.
1357 3551 1408 3601 Sed

249 3633 308 3683 licet
330 3640 414 3682 textus
436 3633 579 3682 Aristotelis
602 3633 746 3699 pronuntiet
768 3633 833 3682 hanc
861 3633 1090 3698 perpendicularem
1118 3640 1236 3698 tanquam
1264 3631 1408 3682 distinctam

194 3752 196 3755 -
249 3714 448 3781 impressionem,
461 3723 488 3764 et
499 3715 596 3765 Seneca
608 3714 721 3765 similiter
737 3714 764 3764 in
779 3716 827 3764 hoc
844 3717 876 3764 de
893 3715 932 3764 his
948 3714 1152 3780 impressionibus
1168 3715 1216 3763 hoc
1227 3713 1294 3764 idem
1306 3723 1407 3776 asserat,

250 3805 334 3847 tamen
348 3796 559 3862 experimentator
570 3796 617 3846 scit
627 3798 696 3861 quod
708 3797 734 3846 id
749 3798 818 3862 quod
835 3805 937 3846 vocatur
954 3795 1165 3863 perpendicularis
1176 3797 1209 3845 ab
1226 3796 1370 3856 Aristotele,
1384 3805 1410 3847 et

249 3879 319 3943 virga
330 3896 345 3928 a
358 3879 461 3940 Seneca,
477 3895 528 3928 non
544 3885 583 3928 est
598 3878 729 3943 impressio
741 3895 807 3928 nova
816 3886 842 3928 et
853 3879 972 3928 distincta
988 3879 1021 3928 ab
1036 3879 1104 3938 hale,
1123 3877 1187 3928 sicut
1204 3885 1291 3942 postea
1308 3879 1412 3944 exponit

249 3961 469 4027 experimentator,
493 3961 552 4027 quia
568 3961 697 4027 suspendit
719 3962 880 4011 auctoritates
902 3968 927 4010 et
944 3968 1091 4026 argumenta
1107 3977 1151 4025 per
1167 3961 1338 4010 instrumenta.
1375 3962 1409 4012 Et

248 4060 306 4094 cum
322 4060 411 4094 omnes
422 4044 484 4094 nudi
494 4044 627 4106 naturales,
641 4050 667 4093 et
678 4059 765 4109 parum
783 4043 910 4093 exercitati
928 4043 954 4092 in
971 4042 1138 4108 experientiis,
1151 4042 1236 4092 dicant
1252 4043 1298 4092 hos
1313 4044 1409 4093 colores

249 4127 317 4176 iridis
334 4134 360 4176 et
377 4126 435 4177 balo
453 4126 505 4177 fieri
521 4141 599 4192 penes
609 4126 779 4176 diversitatem
797 4126 872 4176 nubis
887 4127 914 4175 in
931 4125 1093 4190 spissitudine
1110 4132 1136 4175 et
1151 4125 1253 4176 raritate
1270 4127 1406 4176 secundum

249 4217 286 4259 est
297 4210 366 4275 quod
377 4209 445 4259 mala
456 4208 585 4259 translatio
596 4209 739 4260 Aristotelis
750 4209 841 4270 innuit,
854 4211 898 4259 sed
911 4225 957 4258 nec
968 4209 1116 4259 Aristoteles
1129 4211 1164 4270 (et
1176 4225 1227 4273 seq.
1234 4210 1250 4269 l.

281 4310 306 4357 p.
323 4308 376 4354 ¹74·
391 4293 407 4342 l.
421 4311 444 4357 9.
480 4291 567 4342 arotis
581 4292 731 4355 molendini]
764 4294 795 4343 X.
816 4292 887 4352 adds,
906 4291 965 4341 solis
976 4290 1039 4340 radii
1050 4299 1210 4356 penetrantes
1227 4307 1294 4341 rores
1310 4307 1408 4356 sparsos

248 4373 342 4423 iaciunt
364 4374 461 4423 colores
484 4390 612 4440 apparere.
650 4374 771 4424 Similiter
786 4390 843 4423 curn
861 4389 942 4439 aquae
958 4373 1116 4423 descendunt
1132 4390 1188 4422 cum
1208 4373 1301 4438 impetu
1319 4389 1334 4422 a
1352 4373 1407 4423 loco

247 4457 308 4518 alto,
322 4464 350 4506 ut
366 4473 381 4505 a
393 4472 454 4521 rupe
466 4464 492 4506 et
502 4456 545 4506 fiat
557 4458 649 4507 roratio
661 4458 687 4506 in
699 4473 765 4518 aere,
779 4457 936 4521 apparebunt
947 4456 1051 4505 colores.

275 4538 461 4604 ·p.174.l.1l.
497 4547 522 4588 et
534 4538 659 4602 similiter]
691 4541 724 4588 X.
749 4539 803 4598 has,
827 4545 903 4602 atque
921 4539 989 4602 quod
1007 4538 1086 4603 majus
1106 4545 1144 4587 est
1165 4536 1186 4586 si
1210 4536 1272 4586 facie
1299 4537 1407 4587 revelata

248 4620 350 4691 aspiciat
372 4629 458 4673 contra
475 4622 553 4670 solem
570 4621 595 4672 in
613 4620 688 4673 radiis
704 4623 751 4670 sub
771 4622 859 4675 umbra
887 4619 1009 4679 ciliorum,
1035 4628 1059 4668 et
1082 4619 1171 4670 iterum
1195 4620 1214 4668 si
1233 4627 1343 4690 apponat
1365 4637 1409 4672 vas
