3559 5442
405 677 461 733 116
621 673 788 734 OPERIS
805 672 1004 752 MAJORIS
1021 672 1141 734 PARS
1162 672 1339 732 TERTIA.

404 858 470 900 non
494 835 602 899 habet.
650 836 786 898 Etcum
810 835 988 918 gloriosam
1007 835 1180 919 Virginem
1202 819 1384 898 salutamus
1400 833 1560 910 dicentes,

401 942 476 1003 Ave
490 941 596 1003 Maria
607 941 714 1021 gratia
727 939 834 1022 plena,
851 940 1017 1002 Dominus
1028 949 1137 1003 tecum
1148 939 1170 1017 ¹,
1185 938 1326 1002 multum
1342 947 1429 1004 esset
1445 957 1558 1000 neces-

401 1045 523 1107 sarium
539 1043 582 1106 ad
599 1043 802 1106 intellectum
815 1064 966 1106 veracem
982 1053 1016 1107 et
1032 1044 1190 1107 devotum
1207 1053 1243 1106 ut
1253 1041 1392 1125 quilibet
1407 1041 1559 1104 literatus

400 1149 496 1211 sciret
512 1169 646 1211 sensum
662 1147 823 1225 vocabuli,
839 1157 873 1210 et
896 1147 1071 1231 praecipue
1087 1169 1162 1210 cum
1179 1146 1275 1211 multi
1291 1146 1505 1209 aestimantes
1521 1166 1558 1207 se

399 1253 481 1314 scire
512 1251 617 1315 multa
646 1252 699 1314 hic
730 1253 892 1314 oberrent.
953 1252 1075 1334 Syrum
1106 1251 1242 1334 quidem
1273 1249 1473 1312 vocabulum
1504 1259 1556 1312 est

399 1355 532 1431 Maron,
546 1365 580 1418 et
603 1353 767 1436 significat
789 1355 980 1433 Dominum,
1001 1376 1020 1417 a
1043 1375 1111 1437 quo
1132 1355 1223 1418 venit
1245 1353 1383 1438 Μανία]
1410 1362 1444 1416 et
1467 1353 1558 1416 idem

398 1467 449 1520 est
461 1458 551 1541 quod
563 1457 778 1534 dominatriX,
787 1467 824 1520 ut
834 1457 914 1521 dicit
932 1458 1160 1540 Hieronymus
1172 1458 1206 1520 in
1219 1455 1556 1540 interpretationibus.

398 1561 445 1625 Et
471 1561 534 1623 hoc
556 1560 655 1624 valde
676 1561 837 1644 competit
863 1560 1075 1624 beatissimae
1102 1561 1242 1643 Virgini,
1263 1561 1343 1644 quia
1366 1560 1558 1622 dominatur

397 1685 495 1748 super
518 1686 651 1727 omnem
675 1665 921 1727 immunditiam
944 1665 1072 1747 peccati
1093 1661 1352 1747 expellendam2
1367 1683 1387 1726 a
1402 1663 1507 1737 nobis,
1523 1673 1557 1724 et

397 1769 488 1830 omni
512 1767 695 1831 diabolicae
722 1768 829 1830 fraudi
853 1777 887 1832 et
915 1768 1091 1850 nequitiae,
1118 1768 1196 1850 quia
1223 1768 1296 1850 ipsa
1326 1775 1376 1830 est
1402 1765 1556 1829 terribilis

397 1880 535 1954 peccato
552 1880 585 1934 et
600 1871 828 1948 daemonibus,
844 1871 930 1934 sicut
944 1881 1126 1934 castrorum
1143 1872 1229 1934 acies
1244 1870 1398 1933 ordinata
1412 1893 1420 1950 ;
1442 1880 1476 1935 et
1488 1891 1556 1934 non

398 1975 505 2038 solum
521 1975 602 2057 ipsa,
617 1973 675 2037 sed
692 1995 807 2038 omnes
820 1976 877 2057 qui
891 1977 925 2038 in
937 1996 977 2038 ea
988 1975 1148 2038 veraciter
1159 1975 1339 2037 confidunt.
1369 1974 1463 2036 Haec
1478 1994 1557 2036 vero

398 2075 626 2156 interpretatio
642 2075 824 2136 rectissima
838 2082 889 2137 est
905 2084 938 2138 et
962 2075 1031 2138 sine
1046 2073 1219 2137 calumnia.
1245 2074 1335 2137 Dicit
1357 2094 1434 2136 vero
1459 2073 1557 2137 Hier·

398 2199 541 2259 onymus
551 2178 584 2240 in
595 2178 930 2260 interpretationibus,
940 2178 1030 2261 quod
1041 2178 1136 2240 multi
1147 2179 1405 2241 aestimaverunt
1415 2177 1558 2240 Mariam

399 2280 520 2344 debere
535 2280 741 2363 interpretari
764 2282 1029 2346 illuminatricem
1045 2281 1096 2345 vel
1122 2281 1299 2362 Smyrnam
1323 2281 1443 2360 maris3
1465 2281 1557 2363 quod

399 2385 470 2467 ipse
493 2405 559 2446 non
583 2385 709 2467 recipit,
738 2384 796 2447 sed
820 2385 900 2448 dicit
923 2385 1014 2468 quod
1045 2384 1145 2448 debet
1176 2385 1241 2447 dici
1262 2385 1357 2447 stella
1379 2384 1483 2447 maris
1503 2385 1556 2447 vel

397 2508 549 2550 ainarum
580 2509 669 2550 mam
698 2489 880 2551 secundum
914 2488 1114 2551 Hebraicam
1150 2481 1464 2570 interpretationem.
1510 2487 1557 2551 Et

398 2612 477 2654 vere
493 2591 614 2654 dicitur
637 2591 742 2655 Stella
766 2593 878 2670 Maris,
894 2601 931 2654 ut
954 2613 1014 2654 nos
1031 2592 1153 2674 dirigat
1168 2593 1210 2654 ad
1234 2601 1366 2675 portum
1382 2591 1507 2668 salutiS,
1522 2601 1556 2654 et

399 2697 563 2758 Amarum
588 2695 691 2772 Mare,
707 2696 786 2778 quia
809 2696 841 2757 in
858 2696 950 2758 omni
965 2705 1162 2778 paupertate
1185 2705 1218 2758 et
1235 2694 1456 2759 amaritudine
1472 2705 1556 2758 tem-

398 2799 504 2882 porali
519 2800 605 2862 vixit
628 2800 661 2860 in
677 2799 739 2861 hoc
757 2799 893 2874 mund0,
908 2809 942 2862 et
957 2799 1093 2862 tandem
1118 2800 1219 2882 ipsius
1236 2799 1383 2862 animam
1406 2808 1555 2881 pertran-

397 2897 474 2966 sivit
496 2901 627 2984 gladius
650 2903 683 2964 in
708 2911 814 2965 morte
837 2903 922 2978 Filii,
937 2913 973 2965 ut
996 2903 1038 2966 sit
1061 2902 1157 2966 nobis
1180 2903 1212 2966 in
1230 2902 1422 2985 exemplum
1446 2903 1556 2965 omnis

398 3007 588 3089 patientiae,
612 3015 645 3068 et
668 3006 887 3068 confortatrix
911 3007 945 3068 in
968 3007 1058 3069 omni
1082 3001 1282 3070 adversitate
1304 3005 1403 3086 hujus
1431 3007 1556 3070 mundi.

400 3110 544 3172 Necesse
569 3118 620 3172 est
644 3109 744 3191 igitur
768 3109 864 3172 nobis
890 3111 923 3172 in
952 3110 1106 3173 omnibus
1131 3109 1324 3192 psalmodiis
1348 3119 1381 3172 et
1404 3108 1556 3172 obsecra-

397 3212 543 3275 tionibus
559 3213 678 3275 nostris
694 3222 731 3274 ut
746 3213 889 3275 sciamus
906 3213 966 3276 rite
982 3213 1127 3296 prolerre
1143 3223 1177 3276 et
1192 3213 1382 3296 intelligere,
1398 3213 1557 3295 quodque

394 3318 495 3398 juxta
509 3315 683 3378 verborum
700 3317 937 3398 proprietatem
948 3317 1091 3380 sciamus
1103 3316 1224 3381 devote
1236 3317 1412 3399 petitiones
1425 3326 1557 3380 nostras

399 3420 549 3497 formare,
565 3428 601 3481 ut
617 3419 708 3501 quod
732 3428 820 3482 recte
842 3429 876 3482 et
900 3421 1020 3483 devote
1043 3421 1196 3502 petimuS,
1221 3420 1284 3483 Dei
1308 3431 1341 3484 et
1364 3430 1555 3483 sanctorum

400 3524 524 3605 pietate
539 3532 573 3586 et
589 3524 713 3587 meritis
731 3523 901 3586 Ecclesiae
916 3544 1166 3606 consequamur.
1214 3523 1282 3588 Sed
1306 3525 1368 3586 hoc
1392 3544 1458 3586 non
1483 3544 1558 3606 pos-

400 3647 514 3689 sumus
537 3626 645 3689 iacere
669 3628 740 3689 sine
765 3627 883 3690 notitia
910 3627 1148 3691 vocabulorum
1173 3628 1307 3691 alterius
1338 3627 1491 3708 linguae3
1524 3637 1558 3690 et

400 3731 476 3793 ideo
493 3729 634 3793 multum
652 3732 792 3814 expedit
807 3740 840 3793 ct
856 3731 1077 3794 necessarium
1093 3741 1144 3794 est
1159 3741 1196 3794 ut
1211 3731 1274 3794 hoc
1289 3731 1439 3794 sciamus.

445 3833 600 3898 Secunda
616 3855 715 3898 causa
737 3843 787 3897 est
803 3834 903 3917 quia3
919 3835 1088 3898 Ecclesiae
1112 3835 1176 3899 Dei
1201 3835 1384 3898 necessaria
1406 3842 1457 3897 est
1480 3855 1559 3917 cog·

401 3938 484 4001 nitio
507 3938 705 4019 linguarum,
721 3947 855 4020 propter
870 3948 1078 4018 sacramenta
1100 3950 1134 4003 et
1150 3939 1421 4002 consecrationes,
1468 3938 1558 4001 Nam

400 4043 542 4105 intentio
572 4043 756 4105 necessaria
786 4051 838 4104 est
867 4052 1084 4120 sacramento
1111 4052 1148 4106 ut
1172 4042 1319 4124 theologi
1348 4042 1464 4105 sciunt
1513 4042 1560 4104 Et

400 4146 618 4209 intentionem
635 4145 804 4229 praecedit
819 4146 1014 4221 intellectus,
1030 4156 1064 4209 et
1086 4147 1205 4210 notitia
1224 4148 1269 4209 rei
1285 4145 1464 4208 faciendae.
1511 4145 1559 4209 Et

400 4248 477 4312 ideo
500 4269 706 4332 peromnem
728 4249 866 4313 modum
883 4249 1057 4332 expediret
1074 4250 1243 4313 Ecclesiae
1259 4257 1296 4312 ut
1311 4247 1500 4312 sacerdotes
1524 4258 1558 4311 et

400 4351 538 4435 praelati
562 4351 675 4415 omnia
700 4351 862 4414 vocabula
888 4351 1120 4416 sacrificiorum
1146 4363 1178 4418 et
1208 4362 1491 4416 sacramentorum
1523 4363 1558 4416 et

431 4565 485 4631 ¹J.,
499 4566 622 4616 Dominus
633 4574 724 4616 tecum.
759 4567 790 4616 V.
802 4583 851 4616 om.
864 4565 988 4616 Dominus
998 4573 1088 4619 tecum.

430 4645 485 4713 ²J.,
498 4648 679 4712 expellandam.
1104 4648 1158 4716 ³J.,
1172 4665 1256 4716 quare.
