3559 5442
423 693 461 747 14
653 673 820 736 OPERIS
838 672 908 733 MA
903 671 1039 751 JORIS
1056 669 1176 731 PARS
1192 671 1351 732 PRIMA.

420 845 540 918 quarto
556 835 639 900 libro
649 835 738 913 dicit,
753 834 895 899 ‘Veniet
904 843 1039 916 tempus
1053 855 1121 915 quo
1136 833 1201 896 ista
1215 854 1302 915 quae
1317 853 1406 896 nunc
1421 831 1526 895 latent
1542 831 1576 893 in

421 939 529 1004 lucem
545 940 616 1004 dies
637 939 793 1003 extrahat
804 937 825 1016 1,
848 948 883 1002 et
906 937 1064 1020 longioris
1086 938 1158 1000 aevi
1181 936 1353 1020 diligentia
1375 936 1418 1000 ad
1441 936 1577 1018 inquisi-

421 1047 546 1108 tionem
573 1053 742 1108 tantorum
771 1063 838 1106 una
864 1040 982 1105 aetas2
1011 1062 1080 1105 non
1106 1040 1235 1105 sufficit.
1282 1041 1392 1104 Multa
1414 1041 1577 1104 venientis

420 1150 493 1212 aevi
509 1149 652 1231 populus
667 1148 784 1231 ignota
798 1147 896 1210 nobis
911 1147 1001 1224 sciet,
1017 1156 1050 1210 et
1072 1147 1184 1209 veniet
1205 1154 1348 1228 tempus,
1363 1166 1431 1227 quo
1453 1144 1576 1227 posteri

419 1251 546 1315 nostri³
560 1263 629 1315 tam
645 1261 760 1334 aperta
772 1271 832 1314 nos
844 1251 988 1315 nescisse
1000 1248 1177 1314 mirentur?
1214 1249 1259 1312 Et
1274 1249 1350 1312 ideo
1364 1249 1443 1313 dicit
1462 1248 1577 1311 Prisci-

420 1377 503 1419 anus
515 1356 527 1394 4
539 1357 572 1418 in
585 1355 724 1438 prologo
736 1353 871 1434 majoris
882 1353 1070 1427 voluminis,
1081 1353 1172 1435 quod
1188 1351 1268 1415 nihil
1280 1362 1331 1416 est
1344 1352 1526 1436 perlectum
1543 1351 1577 1414 in

420 1460 573 1522 humanis
590 1457 844 1530 inventionibus,
859 1466 894 1521 et
915 1456 1020 1531 affert,
1044 1466 1191 1539 ‘quanto
1211 1456 1366 1538 juniores,
1388 1465 1485 1520 tanto
1507 1475 1578 1536 per·

420 1561 635 1646 spicaciores‚’
652 1563 731 1644 quia
745 1561 902 1642 junioreS,
919 1560 952 1624 id
975 1570 1026 1624 est
1050 1561 1257 1644 posteriores
1272 1560 1479 1623 successione
1494 1567 1577 1621 tem-

420 1687 539 1750 porum
556 1664 785 1747 ingrediuntur
797 1663 926 1728 labores
938 1665 1093 1747 priorum.
1139 1664 1273 1726 Etcum
1287 1663 1357 1745 jam
1370 1683 1429 1746 per
1441 1682 1576 1725 causam

419 1780 454 1834 et
480 1770 711 1833 auctoritatem
738 1769 943 1832 verificatum
973 1769 1016 1830 sit
1046 1767 1136 1850 quod
1166 1767 1251 1843 volo,
1281 1787 1369 1831 nunc
1398 1767 1496 1830 tertio
1519 1785 1578 1848 per

352 1868 357 1877 ⁴
420 1873 576 1937 eflectum
587 1873 608 1938 ⁵.
654 1872 743 1935 Nam
760 1893 890 1955 semper
906 1872 1105 1954 posteriores
1121 1870 1322 1934 addiderunt
1337 1870 1379 1934 ad
1395 1890 1497 1952 opera
1512 1870 1577 1951 pri-

420 1998 525 2052 orum,
540 1986 574 2042 et
598 1975 703 2039 multa
725 1985 951 2051 correxerunt,
966 1984 999 2038 et
1022 1974 1117 2057 plura
1141 1983 1362 2050 mutaverunt,
1377 1974 1462 2036 sicut
1484 1981 1578 2055 patet

201 2087 225 2152 J.
240 2103 300 2150 very
310 2087 400 2164 imper·
419 2101 480 2164 per
495 2078 711 2144 Aristotelem
728 2079 885 2155 maxime,
900 2078 957 2160 qui
972 2099 1088 2140 omnes
1104 2078 1286 2141 sententias
1308 2075 1585 2160 praecedentium

203 2153 377 2282 {efffyffi'of
421 2184 583 2247 discussit.
629 2183 675 2246 Et
689 2183 792 2246 etiam
809 2182 984 2245 Avicenna
998 2191 1033 2245 et
1048 2182 1213 2245 Averroes
1229 2181 1324 2265 plura
1339 2181 1382 2244 de
1393 2181 1490 2243 dictis
1505 2179 1578 2260 ejus

204 2283 318 2334 linerett.
419 2293 642 2348 correxerunt.
689 2284 735 2347 Et
764 2283 874 2347 adhuc
897 2283 1147 2366 reprehenditur
1169 2285 1212 2348 de
1235 2285 1350 2347 mundi
1373 2284 1578 2358 aeternitate,

419 2410 520 2470 quam
543 2389 643 2451 nimis
666 2387 919 2470 inexpressam⁶
941 2387 1092 2470 reliquit;
1114 2409 1175 2451 nec
1199 2389 1328 2463 mirum,
1344 2409 1420 2453 cum
1436 2387 1578 2470 ipsemet

419 2493 563 2556 fateatur
577 2513 613 2555 se
629 2512 695 2554 uon
712 2492 825 2554 omnia
847 2491 990 2557 scivisse.
1035 2492 1124 2554 Nam
1147 2491 1384 2574 quadraturam
1408 2490 1519 2553 circuli
1543 2511 1578 2553 se

420 2598 589 2679 ignorasse
605 2595 789 2671 confitetur,
805 2595 896 2677 quod
911 2595 963 2658 his
979 2594 1095 2658 diebus
1118 2596 1220 2658 scitur
1242 2595 1421 2673 veraciter3
1444 2603 1478 2657 et
1500 2615 1577 2657 cum

419 2700 483 2762 hoc
498 2700 671 2781 ignoravit,
688 2697 794 2761 multo
810 2699 917 2781 magis
942 2698 1077 2780 majora.
1122 2699 1237 2780 Atque
1253 2699 1427 2762 Avicenna
1449 2696 1520 2760 dux
1542 2705 1578 2782 et

420 2804 573 2887 princeps
595 2802 825 2885 philosophiae
848 2812 925 2885 post
947 2823 1033 2879 eum,
1050 2813 1088 2865 ut
1110 2802 1190 2865 dicit
1212 2810 1456 2864 commentator
1477 2821 1577 2883 super

419 2906 601 2990 capitulum
614 2905 657 2969 de
670 2906 758 2970 lride
770 2907 804 2969 in
818 2906 902 2970 libro
918 2906 1144 2970 Meteororum
1157 2904 1370 2983 Aristotelis⁷
1381 2914 1415 2967 et
1429 2925 1530 2987 opera
1542 2904 1575 2966 in

418 3021 525 3075 totam
549 3010 794 3094 philosophiam
818 3010 861 3072 ab
883 3031 924 3073 eo
947 3009 1101 3092 digesta8
1123 3009 1166 3072 ab
1182 3009 1363 3072 Aristotele
1385 3009 1447 3072 hoc
1472 3009 1576 3071 mani-

419 3112 567 3190 sestant,⁷
579 3113 668 3177 dixit
680 3135 715 3176 se
727 3122 880 3177 naturam
895 3113 992 3176 Iridis
1002 3114 1182 3196 ignorasse,
1193 3112 1277 3183 sicut
1287 3112 1477 3195 praedictus
1487 3133 1576 3175 com-

420 3227 587 3281 mentator
601 3217 730 3280 fatetur.
777 3217 822 3280 Et
839 3217 871 3279 in
888 3217 986 3280 tertio
1004 3216 1220 3299 Physicorum
1243 3237 1279 3279 se
1301 3217 1453 3298 ignorare
1471 3236 1575 3278 unum

419 3322 462 3384 de
488 3321 604 3384 decem
628 3319 915 3403 praedicamentis,
938 3319 1063 3383 scilicet
1092 3319 1399 3402 praedicamentum
1433 3318 1576 3394 habitus,

419 3424 529 3488 dicere
544 3445 611 3486 non
627 3433 765 3487 veretur.
813 3423 858 3485 Et
873 3422 1093 3506 proculdubio
1114 3424 1148 3486 in
1170 3421 1253 3485 libro
1276 3444 1337 3486 suo
1362 3422 1405 3486 de
1431 3422 1576 3505 philoso-

420 3528 498 3610 phia
514 3528 650 3610 vulgata
673 3547 798 3591 errores
821 3535 854 3589 et
877 3526 961 3590 salsa
983 3527 1203 3600 continentur,
1218 3535 1256 3589 ut
1278 3527 1311 3589 in
1334 3525 1447 3589 non0⁹
1470 3527 1577 3589 Meta-

420 3631 578 3714 physicae
594 3631 728 3713 ponitur
750 3650 838 3692 error
859 3630 902 3692 de
918 3629 1034 3693 mundi
1043 3630 1068 3668 1⁰
1083 3629 1310 3713 productione,
1325 3629 1359 3692 in
1375 3649 1443 3711 quo
1458 3629 1579 3693 dicitur

419 3735 510 3817 quod
539 3735 631 3797 Deus
655 3742 790 3816 propter
816 3732 981 3796 infinitam
1007 3733 1171 3797 unitatem
1201 3754 1302 3815 quam
1333 3730 1444 3808 habet,
1473 3742 1508 3796 et
1534 3754 1577 3796 ne

419 3837 557 3919 recipiat
593 3838 788 3900 varietatem
823 3836 1092 3920 dispositionum,
1120 3858 1188 3901 non
1218 3845 1330 3919 potest
1366 3857 1477 3900 creare
1513 3837 1576 3899 nisi

420 3962 533 4017 unum,
556 3941 680 4004 scilicet
703 3940 859 4022 angelum
883 3941 1038 4023 primum,
1060 3941 1117 4023 qui
1142 3941 1264 4004 creavit
1288 3940 1471 4004 secundum
1498 3961 1575 4004 cum

420 4044 514 4109 coelo
536 4045 652 4129 primu,
675 4054 709 4107 et
732 4044 897 4108 secundus
921 4046 1055 4108 tertium
1081 4066 1157 4108 cum
1181 4043 1275 4107 coelo
1298 4044 1454 4120 secund0,
1469 4053 1503 4108 et
1529 4046 1577 4109 sic

420 4148 515 4212 ultra.
560 4149 699 4212 Etcum
715 4149 748 4211 in
764 4147 896 4211 decimo
912 4158 1016 4230 ponat
1031 4169 1131 4211 omne
1153 4156 1328 4230 peccatum
1350 4147 1473 4212 habere
1495 4147 1577 4211 fines

451 4341 513 4408 ¹J.,
529 4348 648 4393 extraxat.
706 4353 708 4358 ’
781 4341 842 4407 ²1,
855 4359 903 4394 res.
1035 4340 1084 4410 ³J.
1099 4343 1142 4404 O.,
1156 4342 1250 4408 posteri
1261 4342 1348 4393 nostri.
1383 4343 1426 4405 V.,
1440 4350 1574 4408 posterum.

450 4423 462 4494 .⁴
477 4427 513 4489 J.,
526 4441 564 4489 ps.
577 4424 709 4490 [=prius?
724 4425 867 4494 praedictus
875 4426 898 4487 i]
931 4424 973 4486 O.,
988 4432 1124 4490 praeterea.
1191 4423 1202 4456 ⁶
1219 4424 1262 4489 O.,
1273 4441 1317 4490 per
1328 4424 1443 4476 effectum
1454 4425 1576 4491 probabo.

451 4504 610 4568 ⁰V.,uirtus
621 4522 770 4572 expressam.
806 4506 849 4569 O.,
863 4506 939 4556 nimis
950 4506 1126 4572 inexpressum.
1159 4550 1161 4555 .
1235 4557 1237 4561 .

417 4647 420 4657 Ι
451 4586 461 4620 ⁷
479 4588 510 4638 O.
525 4604 574 4639 om.
589 4588 931 4643 Aristotelis-manifestant.
1194 4585 1205 4618 ³
1220 4575 1373 4652 V.,digesta
1384 4595 1449 4641 sunt.

418 4729 425 4742 Ι
451 4667 522 4731 ⁹0,
537 4670 678 4724 undecimo.
777 4717 780 4722 ,
1045 4739 1048 4742 ‚
1180 4667 1201 4701 ¹⁰
1218 4671 1249 4722 0.
1263 4686 1314 4721 om.
1329 4671 1425 4728 mundi,
