3559 5442
547 653 841 716 LJNGUARUM
859 655 1090 717 COGNITIO.
1338 673 1393 732 117

238 817 524 884 consecrationum
556 817 678 881 scirent
707 817 769 880 rite
796 815 940 901 prolerre
964 827 997 881 et
1022 817 1206 902 intelligere
1219 841 1227 898 ;
1259 819 1343 884 sicut
1374 842 1394 884 a

237 923 400 1008 principio
422 922 505 986 sacri
528 930 562 985 et
584 922 707 984 summi
721 922 906 1006 pontifices,
920 931 1086 987 et'omnes
1102 923 1208 987 sancti
1224 933 1336 1007 patres
1358 936 1393 988 et

236 1029 442 1091 institutores
467 1024 621 1089 ordinum
644 1024 950 1103 ecclesiasticorum,
972 1028 1215 1091 constituerunt
1237 1037 1270 1092 et
1292 1028 1393 1091 scive

236 1141 313 1195 runt
336 1130 478 1214 qualiter
500 1129 534 1192 in
557 1130 664 1193 verbis
687 1138 720 1193 et
744 1130 895 1194 sensibus
923 1131 1081 1212 mysteria
1106 1131 1171 1194 Dei
1197 1132 1391 1195 consistunt.

238 1233 339 1298 Unde
354 1231 544 1316 incipiendo
556 1252 575 1294 a
587 1232 702 1314 primis
717 1241 755 1296 ut
769 1232 812 1296 ab
824 1232 1018 1295 exorcismis
1034 1243 1068 1297 et
1080 1235 1392 1299 catharizationibus

236 1347 270 1400 et
292 1339 339 1400 sic
362 1358 421 1420 per
442 1335 666 1419 baptismum1
685 1346 718 1399 et
734 1337 846 1399 omnia
862 1347 1071 1400 sacramenta
1086 1337 1309 1413 discurrend0,
1323 1360 1390 1402 non

236 1441 344 1505 solum
360 1440 480 1505 decens
496 1449 547 1502 est
563 1438 621 1502 sed
637 1441 821 1523 expediens
836 1450 870 1502 et
886 1444 1108 1506 necessarium
1125 1453 1220 1520 esset,
1235 1453 1271 1508 ut
1286 1443 1392 1506 abeis

236 1546 293 1628 qui
305 1545 493 1608 ministrant
504 1553 711 1607 sacramenta
720 1545 858 1608 sciretur
872 1555 963 1610 recta
979 1547 1207 1630 pronuntiatio
1217 1557 1250 1610 et
1260 1546 1393 1610 debitus

236 1648 432 1726 intellectus,
456 1656 618 1729 quatenus
645 1647 678 1710 in
705 1648 797 1711 nullo
822 1648 1037 1731 derogaretur
1059 1660 1278 1715 sacramento,
1323 1649 1391 1715 Sed

237 1754 337 1815 modo
353 1772 413 1835 per
428 1751 614 1814 universam
632 1750 816 1815 Ecclesiam
833 1751 1090 1816 innumerabiles
1105 1753 1278 1838 proferunt
1292 1754 1394 1818 verba

236 1857 388 1919 instituta
411 1855 454 1917 ab
478 1854 628 1920 Ecclesia
650 1863 684 1917 et
707 1855 860 1918 nesciunt
883 1856 964 1938 quid
988 1856 1112 1935 dicunt,
1135 1878 1195 1920 nec
1218 1857 1393 1922 verborum

237 1969 370 2023 servant
392 1969 516 2022 rectam
539 1959 864 2042 pronuntiationem
887 1961 977 2042 quod
1002 1981 1075 2023 esse
1098 1981 1164 2024 non
1188 1970 1300 2045 potest
1322 1963 1393 2025 sine

237 2063 357 2145 injuria
379 2063 585 2126 sacramenti.
631 2063 772 2128 Utinam
797 2062 855 2126 fiat
877 2084 953 2126 curn
978 2063 1077 2146 plena
1093 2064 1240 2128 efficacia
1255 2065 1394 2128 effectus

237 2166 504 2230 sacramentalis!
544 2165 682 2229 Etcum
701 2165 851 2229 Ecclesia
867 2168 985 2230 statuit
1003 2167 1085 2231 haec
1101 2189 1145 2231 ex
1162 2177 1251 2232 certa
1265 2170 1396 2244 notitia,

237 2280 270 2333 et
292 2266 410 2332 omnes
433 2277 544 2351 patres
559 2268 688 2350 antiqui
705 2269 872 2332 sciverunt
894 2278 1019 2332 rectam
1038 2271 1344 2353 pronuntiationem
1360 2281 1394 2334 et

237 2390 371 2433 sensum
388 2366 625 2432 vocabulorum
638 2367 822 2430 secundum
833 2368 924 2451 quod
941 2370 1154 2453 competebat
1169 2372 1394 2448 sacramentis

236 2494 297 2536 nos
313 2472 438 2536 nullam
454 2471 616 2534 habemus
637 2471 912 2549 excusationem;
935 2473 994 2534 sed
1011 2475 1117 2556 turpis
1139 2484 1173 2536 et
1188 2473 1262 2538 vilis
1286 2474 1395 2557 ignor-

236 2577 328 2639 antia
342 2585 402 2652 est,
417 2575 507 2638 nulla
523 2576 795 2657 tergiversatione
810 2576 1012 2638 excusanda.
1059 2578 1104 2640 Et
1117 2577 1252 2659 quando
1268 2578 1302 2641 in
1319 2599 1395 2641 con-

235 2679 474 2744 secrationibus
510 2679 721 2742 ecclesiarum
752 2679 912 2761 cuspide²
950 2680 1058 2743 baculi
1096 2681 1272 2764 pastoralis
1310 2680 1394 2744 fiunt

235 2783 349 2847 literae
371 2782 505 2846 alterius
527 2781 660 2864 linguae
683 2782 866 2845 secundum
890 2783 1041 2845 ordinem
1065 2783 1242 2866 alphabeti,
1266 2793 1393 2847 eertum

235 2897 286 2951 est
309 2887 399 2970 quod
423 2886 612 2970 paucissimi
636 2886 760 2949 iaciunt
784 2884 907 2968 figuras
930 2886 1069 2963 debitas
1092 2887 1275 2950 secundum
1302 2888 1393 2970 quod

236 3012 256 3053 a
271 2991 395 3054 sanctis
410 2989 559 3072 patribus
574 2999 608 3053 et
625 2988 774 3053 Ecclesia
790 2988 922 3053 suerunt
938 2990 1119 3068 institutae,
1135 3001 1268 3075 propter
1287 2991 1394 3074 ignor·

235 3094 361 3159 antiam
377 3093 627 3158 characterum³
641 3092 796 3177 linguae⁸
811 3093 946 3157 alterius
956 3094 977 3160 ⁸.
1023 3095 1069 3158 Et
1089 3097 1266 3180 praecipue
1281 3096 1315 3159 in
1331 3096 1394 3159 hoc

235 3208 361 3262 erratur
375 3196 467 3281 quod
479 3206 545 3261 tres
556 3196 680 3280 figurae
696 3196 789 3274 fiunt,
799 3218 885 3279 quae
902 3198 994 3262 nullo
1010 3200 1111 3263 modo
1127 3199 1225 3263 scribi
1235 3200 1395 3263 deberent

235 3303 269 3365 in
285 3302 465 3386 alphabeto
481 3301 617 3366 Graeco
663 3301 751 3365 Nam
769 3300 987 3385 proculdubio
1000 3302 1124 3385 figurae
1139 3324 1225 3385 quae
1236 3313 1396 3367 vocantur

235 3407 429 3489 episemon⁴
443 3429 477 3482 ς,
500 3405 622 3489 koppa,
638 3414 671 3469 et
691 3404 862 3468 character
880 3405 940 3481 δή
955 3427 1022 3469 non
1047 3415 1124 3470 sunt
1151 3407 1193 3470 de
1215 3406 1396 3490 alphabeto

237 3508 448 3585 Graecorum,
464 3529 524 3572 nec
549 3508 667 3573 Graeci
690 3527 839 3589 unquam
857 3507 1066 3572 inseruerunt
1089 3510 1123 3572 in
1146 3509 1263 3573 ordine
1285 3510 1395 3572 litera-

235 3632 326 3690 rum;
356 3611 415 3676 sed
437 3621 516 3676 sunt
538 3611 663 3694 figurae
685 3620 719 3675 et
741 3619 841 3673 notae
864 3631 1086 3676 numerorum.
1139 3612 1293 3676 Moderni
1317 3634 1395 3676 vero

236 3717 349 3781 Latini
380 3737 448 3780 non
478 3716 690 3779 considerant
720 3713 810 3797 quod
840 3713 959 3779 Graeci
987 3725 1163 3779 numerant
1193 3737 1253 3799 per
1282 3716 1393 3780 literas

235 3819 413 3904 alphabeti,
428 3828 462 3882 et
477 3818 566 3903 quod
582 3818 625 3882 ad
641 3817 876 3901 complendum
893 3821 1178 3903 computationem
1195 3821 1393 3883 interserunt

236 3933 302 3987 tres
325 3922 446 4008 figuras
469 3922 559 4008 prius
581 3924 779 3997 nominatas,
800 3922 925 3986 scilicet
948 3924 1008 3987 has
1028 3945 1048 3997 ς
1070 3935 1095 4006 q
1123 3924 1185 3996 W.
1241 3922 1309 3988 Sed
1330 3922 1393 3985 hoc

236 4026 361 4091 faciunt
373 4025 508 4110 quando
519 4034 776 4102 numerant,non
787 4024 923 4108 quando
934 4026 1088 4091 utuntur⁶
1097 4025 1209 4109 figuris
1222 4047 1282 4109 pro
1292 4025 1394 4089 literis

265 4153 320 4222 ¹J.,
333 4155 493 4220 baptismum.
528 4155 572 4216 V.,
584 4155 719 4220 baptisma.
1036 4153 1092 4221 ²J.,
1105 4153 1194 4220 cupide
1206 4153 1268 4217 (sic).

266 4235 321 4300 ³J.,
334 4244 514 4287 caracterarum
526 4238 627 4287 alterius
638 4237 746 4302 linguae.

266 4318 320 4370 ⁴V.
332 4319 356 4384 J.
369 4320 434 4370 have
444 4319 567 4385 episimon
582 4319 679 4385 scopite
695 4329 721 4371 et
738 4322 865 4372 caractira.
902 4321 927 4370 It
939 4320 1023 4370 would
1033 4337 1099 4371 seem
1117 4319 1170 4369 that
1182 4319 1225 4368 the
1242 4317 1322 4368 scribe
1338 4316 1396 4366 mis·

233 4397 323 4462 taking
334 4409 350 4449 s
360 4397 398 4447 ior
408 4410 430 4460 s,
440 4397 552 4464 prefixed
563 4398 583 4447 it
592 4405 619 4448 to
630 4398 672 4449 the
679 4400 766 4465 kappa,
775 4402 826 4450 and
835 4401 869 4465 by
876 4397 976 4464 joining
988 4398 1030 4448 the
1041 4397 1176 4447 cluss-bars
1185 4395 1214 4446 oi
1221 4397 1298 4460 sanpi
1307 4397 1395 4446 turned

232 4486 251 4525 lt
261 4483 319 4606 lull).
327 4489 414 4606 leam
430 4573 445 4606 a
460 4557 538 4607 blank
554 4573 628 4623 space
642 4557 681 4608 for
697 4560 767 4610 these
778 4557 896 4626 symbols.
930 4559 954 4624 J.
974 4558 1048 4608 omits
1064 4557 1108 4607 the
1125 4555 1185 4618 first,
1202 4555 1253 4605 and
1269 4555 1337 4620 gives
1353 4556 1396 4610 the

230 4640 325 4691 second
335 4638 499 4705 imperiectly.
1034 4638 1087 4707 ⁰J.‚
1102 4639 1244 4691 nominatur
1254 4639 1317 4700 (sic).
