3559 5442
183 1668 268 1734 Again
279 1669 323 1719 the

184 1742 280 1799 greater
292 1742 348 1800 part

184 1801 212 1849 ol
221 1816 236 1848 a
247 1801 299 1850 leaf
306 1801 356 1850 lost

185 1867 211 1914 rn
221 1865 245 1930 J.

399 663 437 722 26
623 663 791 727 OPERIS
807 665 1011 744 MAJORJS
1025 665 1146 727 PARS
1163 664 1324 727 PRIMA.

807 894 1035 962 Carrruuuu
1059 894 1156 958 ΧΙΙ.1

445 1030 566 1096 Hanc2
577 1029 679 1094 ver02
692 1053 829 1096 causam
841 1033 993 1097 omnium
1006 1032 1171 1098 malorum
1186 1040 1376 1097 nostrorum
1392 1053 1469 1096 cum
1482 1031 1555 1096 aliis

398 1133 504 1198 tribus
519 1135 595 1198 ideo
609 1135 796 1218 specialiter
817 1135 1001 1214 introduxi,
1015 1146 1052 1200 ut
1074 1137 1219 1200 sciamus
1235 1156 1323 1199 nunc
1345 1137 1431 1199 sicut
1453 1146 1556 1200 retro-

398 1238 481 1300 actis
496 1238 702 1321 temporibus
718 1239 824 1302 multa
840 1260 927 1321 quae
941 1248 1020 1303 sunt
1036 1240 1211 1304 utilissima
1226 1248 1260 1302 et
1282 1241 1421 1303 omnino
1443 1259 1556 1302 neces-

398 1343 484 1405 saria
514 1341 627 1406 studio
656 1343 810 1406 absolute
836 1343 1047 1408 considerato
1078 1354 1112 1407 et
1139 1353 1284 1427 quatuor
1313 1342 1423 1407 modis
1452 1342 1555 1406 relate

398 1447 577 1528 praetactis
589 1447 713 1529 negari,
724 1447 857 1529 negligi,
869 1457 903 1510 et
914 1467 959 1510 ex
969 1447 1040 1510 sola
1049 1448 1237 1530 ignorantia
1248 1447 1415 1530 reprobari
1429 1469 1436 1524 3
1451 1455 1485 1510 et
1495 1468 1557 1529 pro

400 1550 537 1615 infinitis
552 1551 652 1614 latius
666 1551 875 1634 explicandis
892 1553 1055 1634 posterius
1077 1553 1110 1614 in
1134 1552 1274 1634 singulis
1296 1552 1447 1634 partibus
1469 1551 1556 1634 sapi-

399 1656 518 1732 entiae,
533 1654 610 1718 volo
625 1675 713 1718 nunc
728 1654 839 1738 aliqua
851 1654 1009 1737 exempla
1024 1657 1238 1740 praemittere
1249 1655 1423 1738 grossiora.
1468 1653 1556 1719 Cum

400 1760 490 1820 enim
507 1758 694 1839 linguarum
710 1759 858 1840 cognitio
873 1768 907 1822 et
923 1760 1181 1822 mathematicae
1196 1770 1248 1822 est
1271 1759 1421 1822 maxime
1443 1779 1557 1820 neces-

400 1863 485 1924 saria
501 1861 612 1924 studio
629 1861 836 1939 Latinorum,
852 1871 889 1926 ut
912 1871 1040 1926 tactum
1063 1872 1115 1926 est
1137 1863 1297 1946 superius,
1312 1871 1346 1925 et
1369 1871 1559 1944 exponetur

400 1965 474 2028 loco
489 1974 688 2052 opportuno
703 1975 736 2028 et
752 1965 814 2029 fuit
825 1959 1055 2054 'praecipue-in
1069 1988 1135 2054 usu
1151 1975 1342 2029 sanctorum
1358 1976 1392 2030 et
1408 1966 1557 2029 omnium

400 2071 589 2153 sapientum
606 2071 829 2152 antiquorum,
844 2092 906 2133 nos
922 2071 1073 2159 moderni
1090 2071 1290 2154 negligimus
1302 2070 1365 2133 hoc
1379 2079 1413 2132 et
1428 2071 1558 2133 annihi-

401 2167 509 2236 lamus
525 2181 558 2236 et
574 2173 893 2264 reprobamus'quia
909 2175 974 2237 ista
990 2185 1024 2237 et
1039 2175 1155 2237 eorum
1181 2174 1360 2237 utilitatem
1384 2173 1559 2236 nescimus

402 2275 535 2340 Deinde
559 2277 586 2339 si
610 2276 711 2358 aliqui
737 2278 906 2359 sapientes
929 2286 962 2341 et
982 2279 1092 2341 vsancti
1123 2278 1234 2361 aliqua
1255 2275 1478 2359 neglexerunt
1500 2287 1560 2340 aut

400 2379 549 2443 humana
564 2379 742 2460 fragilitate
758 2379 879 2443 devicti
896 2391 955 2444 aut
966 2403 1022 2444 nex
1044 2402 1146 2444 causa
1169 2381 1367 2455 rationabili,
1382 2401 1442 2442 nos
1465 2400 1560 2462 prae·

401 2485 505 2547 sentis
536 2485 694 2565 temporis
725 2484 892 2547 obstinate
908 2490 956 2547 'et
985 2466 1199 2568 pertinaciter
1220 2484 1421 2567 negligimus
1450 2494 1484 2546 et
1510 2505 1560 2547 re-

402 2587 590 2670 probamus,
620 2587 834 2651 fortificantes
864 2597 1012 2651 nostram
1049 2589 1287 2677 negligentiam
1325 2596 1460 2676 propter
1496 2587 1560 2650 hoc

402 2690 492 2774 quod
505 2691 671 2772 sapientes
687 2701 721 2754 et
736 2691 841 2753 sancti
859 2691 1090 2773 neglexerunt,
1103 2712 1170 2754 non
1185 2691 1335 2754 volentes
1350 2691 1561 2781 considerare

402 2794 493 2878 quod
511 2795 543 2856 in
559 2795 650 2857 omni
667 2795 803 2858 homine
818 2804 868 2858 est
885 2795 991 2858 multa
1007 2796 1190 2878 sapientiae
1202 2794 1418 2878 imperfectio
1437 2804 1507 2858 tam
1524 2795 1559 2857 in

402 2899 525 2962 sanctis
541 2919 642 2980 quam
659 2899 692 2962 in
709 2899 925 2980 sapientibus,
938 2909 975 2962 ut
989 2900 1081 2982 prius
1096 2901 1268 2962 evidenter
1283 2907 1317 2989 et
1334 2897 1561 2982 multipliciter

403 3003 581 3086 probatum
593 3012 644 3065 est
656 3013 726 3065 tam
743 3023 801 3085 per
817 3024 932 3066 eorum
948 3005 1107 3087 exempla
1117 3013 1150 3067 et
1162 3005 1376 3067 auctoritates
1389 3025 1490 3086 quam
1503 3024 1562 3086 per

403 3101 566 3168 rationem
589 3114 623 3168 et
645 3107 873 3188 experientiae
888 3107 1131 3170 certitudinem.
1178 3108 1353 3170 Praeterea
1370 3127 1436 3168 non
1452 3106 1560 3170 solum

307 3235 310 3244 ·
404 3207 501 3292 [non]
531 3208 685 3271 volumus
715 3208 898 3272 humanam
930 3209 1144 3291 fragilitatem
1170 3209 1389 3285 considerare,
1413 3211 1471 3273 sed
1500 3230 1564 3272 nec

404 3332 520 3374 causas
536 3310 759 3389 rationabiles,
774 3331 857 3394 quas
873 3314 979 3374 sancti
995 3322 1029 3375 et
1044 3314 1212 3396 sapientes
1231 3313 1350 3376 multi³
1364 3313 1562 3391 habuerunt,

403 3432 507 3493 quare
540 3431 601 3494 pro
626 3419 777 3493 tempore
803 3422 837 3474 et
863 3411 937 3474 loco
965 3412 1070 3475 multa
1096 3412 1189 3475 utilia
1215 3414 1405 3476 vitaverunt
1427 3423 1563 3496 propter

403 3515 545 3578 abusum
575 3515 750 3578 hominum
781 3517 814 3578 in
845 3517 901 3593 eis,
923 3517 1001 3598 quia
1027 3537 1067 3579 ea
1090 3515 1330 3580 convertebant
1355 3516 1399 3578 ad
1423 3516 1563 3600 impedi-

349 3608 353 3620 ’
404 3626 555 3683 mentum
580 3619 735 3701 majoris*
758 3620 910 3683 utilitatis
934 3632 967 3684 et
990 3620 1115 3684 salutis.
1173 3621 1226 3683 Ne
1253 3622 1353 3703 igitur
1375 3642 1436 3684 nos
1459 3621 1564 3684 simus

373 3793 374 3796 Ἴ
403 3744 504 3787 causa
520 3725 635 3787 erroris
652 3724 755 3787 nostri
772 3734 805 3786 et
822 3723 880 3787 fiat
896 3746 1040 3808 magnae
1063 3725 1269 3808 sapientiae⁵
1284 3725 1563 3809 impedimentum

404 3850 448 3892 ex
464 3849 505 3890 eo
521 3827 611 3911 quod
627 3828 697 3891 vias
713 3838 905 3892 sanctorum
922 3840 955 3892 et
978 3830 1169 3912 sapientum
1193 3851 1260 3892 non
1285 3829 1503 3911 intelligimus
1526 3839 1565 3892 ut

404 3931 552 4015 expedit,
566 3952 745 4014 possumus
768 3933 969 3996 auctoritate
991 3943 1183 3996 sanctorum
1207 3941 1241 3996 et
1264 3933 1454 4016 sapientum
1478 3933 1564 3995 anti-

404 4053 545 4114 quorum
562 4031 790 4114 multipliciter
804 4033 895 4115 prius
911 4034 1083 4114 assignata
1097 4021 1307 4095 considerare
1324 4042 1438 4095 mente
1460 4033 1516 4115 pia
1530 4041 1565 4095 et

404 4137 518 4199 animo
540 4137 702 4199 reverenti
726 4146 861 4220 propter
886 4137 1037 4200 veritatis
1063 4137 1272 4220 dignitatem,
1295 4156 1383 4218 quae
1409 4135 1566 4201 omnibus

436 4269 446 4302 ¹
461 4270 484 4335 J.
490 4266 499 4333 ,¹
510 4270 618 4321 Rubrio:
638 4270 791 4322 ‘Distinetio
799 4278 889 4336 quarta
897 4270 923 4320 in
931 4288 983 4336 qua
990 4271 1158 4322 ostenduntur
1172 4288 1262 4322 causae
1270 4288 1348 4337 quare
1357 4272 1437 4321 sancti
1446 4279 1471 4321 et
1481 4271 1567 4337 primi·

404 4353 456 4404 tiva
469 4353 574 4402 ecclesia
586 4369 638 4403 non
649 4353 790 4402 habuerunt
802 4370 873 4403 usum
885 4353 1047 4403 scientiarum
1064 4371 1212 4418 magnarum
1216 4373 1224 4415 ;
1240 4369 1305 4418 quae
1317 4362 1402 4403 tamen
1412 4352 1482 4415 [MS.
1497 4355 1570 4414 tuuc]

404 4436 487 4485 locum
496 4450 547 4484 non
556 4434 650 4484 habent
659 4436 736 4484 modo
748 4442 776 4484 ut
785 4435 893 4486 vitemus
902 4434 994 4492 artium
1006 4435 1192 4500 sapientialium
1203 4435 1339 4500 magnalia,
1352 4436 1411 4485 licet
1420 4436 1510 4500 vulgus
1518 4436 1568 4486 hoc

403 4516 477 4566 faciat
490 4517 602 4580 allegans
612 4517 680 4581 quod
693 4517 773 4566 sancti
784 4518 901 4567 doctores
913 4525 939 4567 et
951 4518 1057 4568 ecelesia
1068 4517 1197 4584 primitiva
1208 4517 1248 4568 bis
1260 4533 1311 4567 non
1324 4517 1460 4567 utebantur
1474 4555 1481 4567 .
1501 4554 1508 4568 .
1528 4517 1547 4569 .'

420 4587 447 4628 '²
460 4597 496 4662 J.‚
511 4599 594 4649 Hane.
630 4599 674 4659 V.,
687 4599 770 4650 Nunc.
801 4599 833 4650 Ο.
848 4615 899 4650 om.
913 4588 989 4652 vero.v
1155 4598 1167 4630 ³
1183 4600 1279 4651 O.·-om.
1293 4599 1374 4650 multi.

436 4678 448 4712 ⁴
464 4681 508 4740 0.,
521 4678 617 4744 majora
627 4679 816 4754 impedimenta.
1157 4679 1168 4714 ⁶
1185 4682 1217 4733 Ο.
1231 4698 1281 4732 om.
1295 4681 1441 4746 sapientiae.
