3559 5442
558 701 852 766 [INGUARUM
870 702 1101 767 COGNITIO.
1355 723 1408 764 ror

247 868 348 932 modo
371 890 450 933 vero
472 868 615 933 decurrit
638 866 738 952 plana
757 867 919 952 probatio,
935 879 969 932 et
992 869 1025 932 in
1050 868 1184 952 speciali
1209 889 1267 951 per
1288 889 1407 932 omnes

244 972 473 1056 corruptiones
504 972 640 1049 Bibliae,
669 973 702 1035 in
733 971 824 1036 aliud
854 982 987 1055 tempus
1017 971 1166 1036 differtur
1197 972 1406 1055 propterrei

246 1077 522 1160 magnitudinem,
544 1098 630 1160 quae
660 1086 778 1162 potest,
807 1096 885 1140 eum
917 1076 1086 1140 volueritis
1113 1075 1239 1158 jubere,
1266 1077 1407 1141 Vestrae

245 1181 424 1247 Sanctitati
439 1180 650 1264 praesentari,
672 1178 730 1243 sed
754 1201 821 1244 non
845 1200 905 1263 per
925 1199 980 1244 me
1001 1188 1039 1244 ut
1061 1175 1211 1258 sufficiat,
1226 1182 1284 1245 sed
1301 1180 1407 1263 magis

245 1306 304 1368 per
325 1284 448 1364 alium;
470 1304 571 1367 quam
593 1283 688 1347 vobis
710 1284 743 1347 in
767 1283 982 1365 sequentibus
1004 1283 1190 1367 explicabo

677 1596 903 1662 Cnemuruu
928 1595 1001 1659 VI.¹

287 1784 443 1868 Septima
463 1784 556 1860 ratio,
571 1783 694 1865 quare²
718 1802 852 1846 necesse
875 1792 926 1846 est
950 1792 987 1847 ut
1004 1783 1116 1846 Latini
1139 1783 1245 1847 sciant
1268 1782 1408 1866 linguas

246 1888 326 1951 est3
355 1886 540 1970 specialiter
572 1896 707 1969 propter
737 1906 853 1950 sensus
884 1886 1073 1965 salsitatem,
1103 1887 1165 1951 etsi
1196 1886 1291 1951 litera
1319 1896 1407 1952 esset

247 1992 417 2056 verissima
426 1992 446 2054 ⁴.
482 1991 570 2055 Nam
584 2001 653 2054 tam
670 1990 703 2054 in
719 1990 888 2072 theologia
904 2012 1006 2073 quam
1020 1993 1052 2054 in
1070 1990 1280 2075 philosophia
1296 2012 1406 2055 neces·

246 2096 351 2159 sariae
366 2104 443 2159 sunt
459 2095 757 2178 interpretationes,
772 2103 805 2158 et
829 2095 1005 2178 praecipue
1028 2095 1062 2158 in
1085 2104 1183 2159 textu
1207 2117 1301 2160 sacro
1322 2096 1406 2160 etin

246 2209 344 2264 textu
361 2199 547 2264 medicinae
568 2206 602 2261 et
624 2198 836 2262 scientiarum
858 2209 1069 2277 secretarum,
1084 2221 1171 2283 quae
1187 2200 1285 2263 nimis
1300 2199 1408 2264 occul-

246 2313 360 2369 tantur
382 2312 517 2387 propter
540 2303 761 2386 ignorantiam
793 2303 1113 2387 interpretationum.
1171 2304 1258 2368 Nam
1287 2304 1407 2368 medici

246 2407 374 2473 confusi
405 2416 482 2471 sunt
512 2415 647 2490 propter
686 2407 790 2470 malas
828 2407 1127 2490 interpretationes,
1165 2428 1248 2490 quas
1285 2417 1407 2472 vocant

247 2532 446 2595 synonyma.
482 2510 559 2574 Non
569 2511 581 2548 ⁵
593 2521 644 2574 est
660 2519 772 2573 autem
791 2510 947 2595 possibile
959 2510 1006 2574 eis
1021 2510 1070 2574 uti
1084 2510 1256 2574 medicinis
1268 2512 1407 2576 authen-

247 2617 320 2680 ticis
361 2623 498 2699 propter
533 2635 676 2678 errorem
716 2615 854 2677 istorum
894 2612 1188 2698 syno[ny]morum
1199 2617 1218 2689 ⁵,
1256 2624 1290 2678 et
1331 2615 1407 2680 ideo

247 2720 368 2784 accidit
383 2721 416 2784 in
434 2719 587 2783 manibus
603 2739 718 2782 eorum
734 2717 902 2783 infinitum
920 2718 1111 2801 periculum.
1157 2719 1288 2782 Eodem
1306 2719 1407 2783 modo

248 2827 280 2887 in
292 2823 307 2862 ⁶
321 2834 418 2906 textu
435 2842 548 2899 sacr03
571 2843 649 2886 nam
673 2843 804 2886 summa
819 2821 1007 2897 difficultas,
1023 2843 1109 2904 quae
1124 2832 1176 2886 est
1191 2823 1280 2905 apud
1297 2824 1405 2906 ipsum

247 2929 428 3005 sciendum,
446 2937 496 2991 est
521 2937 655 3010 propter
677 2927 871 2990 varietatem
895 2934 928 2989 et
951 2926 1186 2989 obscuritatem
1204 2924 1405 2992 infinitarum

248 3033 568 3116 interpretationum,
600 3029 658 3094 ut⁷
695 3031 727 3093 in
766 3029 925 3113 exemplo
955 3029 1107 3094 familiari
1139 3032 1219 3114 pro⁸
1250 3029 1407 3095 infinitis8

247 3138 343 3201 aliis8
357 3145 505 3220 apparet.
544 3133 675 3217 Vulgus
691 3135 780 3197 enim
804 3134 867 3197 hoc
884 3154 1005 3198 nomen
1026 3134 1126 3198 lsrael
1144 3156 1203 3220 pro
1220 3135 1406 3218 patriarcha

247 3243 482 3325 interpretatur
505 3239 638 3304 virum⁹
661 3237 843 3302 vedentemss
865 3239 982 3316 Deum,
1005 3249 1038 3304 et
1048 3239 1072 3278 1⁰
1094 3239 1278 3322 praevaluit
1294 3240 1357 3304 hoc
1374 3241 1406 3305 in

248 3367 308 3410 usu
326 3343 489 3428 usquead
505 3355 638 3427 tempus
659 3343 862 3425 Hieronymi,
876 3353 909 3406 et
921 3344 1021 3408 etiam
1039 3364 1212 3426 usquequo
1228 3364 1287 3407 sua
1302 3354 1407 3410 trans·

250 3451 329 3515 latio
366 3460 399 3512 et
437 3469 496 3512 sua
535 3447 702 3530 expositio
737 3446 849 3527 jussae
887 3457 965 3511 sunt
1004 3468 1063 3530 per
1098 3466 1215 3510 omnes
1253 3449 1408 3514 ecclesias

249 3554 419 3636 divulgari.
481 3550 548 3616 Sed
581 3552 653 3632 ipse
686 3549 765 3614 dicit
798 3551 831 3614 in
863 3551 1026 3633 originali,
1056 3551 1241 3633 ‘Quamvis
1273 3554 1407 3634 grandis

248 3656 452 3722 auctoritatis
483 3663 561 3718 sunt
591 3663 625 3717 et
652 3674 765 3717 eorum
794 3653 912 3717 umbra
941 3675 1000 3718 nos
1025 3655 1201 3738 opprimat,
1223 3657 1280 3738 qui
1308 3657 1407 3722 lsrael

249 3763 358 3825 virum
373 3760 533 3824 vellentem
558 3747 665 3820 Deum
689 3757 895 3841 interpretati
920 3770 998 3821 sunt
1008 3747 1048 3832 ¹⁰,''
1069 3779 1130 3821 nos
1158 3769 1271 3823 tamen
1300 3763 1407 3843 magis

248 3865 475 3928 consentimus
492 3863 567 3925 Deo
585 3861 636 3924 vel
661 3860 781 3943 angelo
796 3861 853 3942 qui
870 3861 967 3924 hoc11
984 3882 1106 3925 nomen
1124 3862 1290 3945 imposuit,
1305 3886 1407 3947 quam

247 3968 436 4033 auctoritati
460 3966 599 4047 alicujus
626 3965 836 4047 eloquentiae
860 3965 1034 4029 secularis’
1080 3967 1126 4029 Et
1137 3966 1161 4004 ¹²
1184 3967 1261 4031 ideo
1288 3969 1408 4050 probat

280 4151 289 4182 ¹
301 4153 368 4202 Title
378 4153 406 4200 in
417 4151 514 4215 margin
525 4149 554 4197 of
559 4150 597 4212 J.:
618 4148 792 4209 ‘[Distinctio]
803 4149 912 4197 secunda
921 4149 946 4196 in
955 4165 1006 4212 qua
1017 4147 1169 4212 specialiter
1183 4150 1245 4199 ratio
1256 4151 1374 4216 septima]
1385 4160 1410 4202 et

247 4245 337 4286 octava
347 4233 496 4300 po[uuntur]
506 4232 601 4280 habens
612 4247 656 4280 sex
664 4230 814 4295 [capitula].'

281 4317 335 4383 ²J.,
349 4332 433 4382 quare.
469 4315 513 4374 V.,
526 4313 592 4378 quia.
705 4311 759 4362 ⁸V.
771 4313 806 4376 J.‚
820 4322 855 4372 et,
869 4313 963 4361 forest.
1109 4311 1163 4377 ⁴J.,
1176 4315 1341 4365 veracissima.

281 4401 362 4451 5Νοιι
379 4395 675 4460 est-synonymorumis
691 4395 754 4444 irom
770 4395 794 4459 J.
838 4395 870 4445 V.
890 4395 973 4444 omits.
1019 4395 1050 4444 0.
1071 4410 1157 4458 agrees
1173 4396 1234 4446 with
1248 4398 1272 4461 J.
1292 4399 1366 4448 down
1384 4408 1409 4449 to

248 4492 359 4549 propter,
371 4481 432 4530 then
443 4495 554 4529 errorum
565 4477 669 4528 istorum
682 4491 877 4540 synonymorum
887 4476 1064 4539 ignorantiam,
1075 4484 1107 4526 et.
1155 4503 1158 4507 ·

281 4563 347 4624 ⁸0,
360 4570 398 4612 est
409 4552 443 4610 inss
709 4557 718 4590 7
730 4558 775 4620 0.,
788 4568 819 4607 et.
1175 4558 1185 4588 ³
1195 4560 1309 4610 Omitted
1320 4562 1346 4611 in
1358 4563 1390 4614 O.

281 4646 292 4677 ⁹
304 4647 348 4705 0.,
360 4645 397 4694 vir
407 4643 502 4692 videns.
701 4638 720 4670 ¹⁰
732 4641 764 4691 Ο.
778 4656 828 4691 om.
842 4647 867 4689 et
879 4639 1206 4704 praevaluit-interpretati
1218 4651 1283 4695 sunt.

273 4728 291 4760 ¹¹
304 4729 348 4788 0.,
361 4726 449 4774 inhoe.
699 4719 718 4751 ¹²
730 4723 761 4772 Ο.
776 4739 825 4771 orn.
841 4721 1022 4771 Et-affirmat.
