3559 5442
394 657 431 714 28
617 655 782 716 OPERIS
801 658 870 716 MA
865 649 1002 735 JORIS
1018 656 1138 716 PARS
1155 657 1314 719 PRIMA.

392 817 569 882 debebant.
615 818 682 882 Sed
707 828 839 882 constat
862 840 930 882 non
946 840 991 882 ex
1007 829 1096 884 certa
1111 819 1249 883 scientia
1271 819 1353 882 haec
1377 818 1526 884 lecerunt
1538 839 1547 899 3

390 941 471 1004 ergo
485 943 529 985 ex
545 923 718 1006 apparenti
734 931 768 985 et
783 923 960 986 aestimata
976 923 1208 987 laboraverunt
1224 924 1257 986 in
1273 923 1335 987 hac
1352 933 1454 1007 parte.

822 1275 1051 1373 Cnpnuuuu
1074 1277 1177 1341 XIII.
1218 1287 1222 1294 ’

436 1463 611 1530 Caeterum
635 1485 702 1527 non
726 1463 857 1528 solum1
880 1486 925 1528 ex
948 1465 1046 1547 hujus
1069 1464 1280 1528 mortalitatis
1297 1464 1549 1548 imperfectione

392 1568 498 1631 multa
513 1568 746 1650 reprobabant,
758 1569 878 1651 quibus
892 1589 959 1631 non
972 1579 1104 1652 oportet
1117 1589 1177 1631 nos
1189 1569 1356 1632 obstinate
1368 1569 1549 1646 inhaerere,

392 1674 496 1735 immo
512 1673 618 1754 magis
643 1673 686 1735 ad
702 1673 862 1735 honorem
879 1693 994 1735 eorum
1011 1675 1065 1756 pie
1080 1683 1114 1735 et
1129 1682 1315 1736 reverenter
1330 1674 1550 1756 interpretari,

393 1775 576 1838 secundum
602 1775 691 1858 leges
716 1777 882 1854 veritatis;
907 1777 1013 1840 multa
1035 1787 1069 1839 et
1092 1778 1242 1839 maxima
1265 1777 1488 1859 neglexerunt
1503 1797 1549 1840 ex

393 1880 501 1942 causis
516 1881 622 1944 certis
669 1880 747 1944 Una
762 1890 813 1943 est
829 1881 906 1963 quia
922 1901 989 1943 non
1007 1880 1140 1943 luerunt
1156 1880 1317 1943 translata
1341 1882 1374 1943 in
1397 1880 1548 1962 linguam

394 1982 542 2057 latinam,
554 2003 615 2045 nec
631 1983 674 2046 ab
690 1983 802 2065 aliquo
819 1982 1017 2046 Latinorum
1033 1984 1228 2065 composita,
1240 1991 1273 2046 et
1289 1982 1386 2046 ideo²
1401 2004 1469 2047 non
1486 1983 1550 2047 fuit

395 2085 514 2147 mirum
542 2086 568 2147 si
597 2085 726 2148 illorum
752 2107 818 2148 non
842 2085 1065 2148 aestimabant
1087 2085 1242 2149 valorem.
1288 2086 1436 2149 Platonis
1458 2088 1548 2149 enim

394 2187 494 2250 libros
510 2189 663 2252 doctores
686 2209 803 2252 omnes
825 2190 1040 2252 assumebant
1063 2189 1096 2250 in
1121 2189 1284 2266 manibus
1298 2190 1376 2271 quia
1399 2189 1551 2252 translati

395 2289 534 2368 fuerant,
556 2301 614 2353 aut
629 2291 843 2354 inveniebant
859 2291 891 2354 in
910 2291 1077 2368 Graeco³3
1100 2292 1158 2354 sed
1175 2291 1246 2354 libri
1267 2291 1458 2354 Aristotelis
1480 2312 1549 2354 non

396 2392 528 2455 fuerunt
541 2405 620 2456 tunc
633 2394 810 2476 temporis4
824 2394 983 2458 translati.
1028 2394 1060 2457 N
1062 2415 1116 2456 am
1130 2394 1342 2476 Augustinus
1352 2394 1414 2456 fuit
1424 2394 1551 2476 primus

394 2497 573 2559 translator
602 2497 792 2560 Aristotelis
821 2506 855 2560 et
878 2497 1059 2580 expositor,
1082 2496 1140 2560 sed
1164 2498 1197 2559 in
1223 2498 1364 2560 minimo
1385 2506 1419 2559 et
1442 2497 1552 2579 primo

395 2599 580 2663 libellorum
603 2620 747 2676 suorum,
762 2600 886 2663 scilicet
902 2602 933 2663 in
958 2600 1255 2682 praedicamentis3
1277 2622 1339 2663 nec
1361 2600 1423 2663 suit
1443 2599 1551 2682 philo·

395 2705 513 2787 sophia
529 2705 719 2767 Aristotelis
735 2714 814 2768 tunc
837 2705 996 2788 temporis
1012 2705 1147 2768 Graecis
1163 2705 1368 2787 philosophis
1384 2715 1472 2781 nota,
1487 2725 1551 2767 nec

396 2808 594 2886 Arabibus⁵,
616 2810 701 2872 sicut
727 2811 816 2892 prius
838 2817 965 2872 tactum
992 2818 1051 2872 est.
1105 2810 1151 2872 Et
1173 2810 1248 2873 ideo
1260 2810 1366 2872 sancti
1387 2810 1473 2871 sicut
1494 2809 1551 2873 alii

396 2911 617 2994 neglexerunt
636 2912 881 2995 philosophiam
906 2912 1105 2988 Aristotelis
1120 2911 1215 2993 cujus
1238 2933 1334 2975 usum
1358 2933 1425 2974 non
1448 2912 1551 2976 habe-

394 3014 506 3090 bant⁶‚
517 3014 698 3078 laudabant
710 3025 823 3079 tamen
838 3016 1021 3078 Platonem.
1060 3016 1106 3078 Et
1121 3017 1199 3097 quia
1210 3015 1447 3079 intellexerunt
1459 3015 1551 3098 quod

396 3118 594 3182 Aristoteles
622 3129 814 3202 persecutus
836 3129 888 3184 est
913 3119 1101 3182 Platonicas
1123 3121 1316 3198 sententias,
1331 3120 1550 3183 Aristotelem

395 3224 429 3286 in
447 3222 559 3286 multis
575 3223 763 3306 reprobant,
785 3233 819 3287 et
841 3222 958 3287 dicunt
982 3224 1091 3304 ipsum
1115 3224 1267 3286 haereses
1290 3222 1552 3306 congregasse⁷;

396 3328 480 3390 sicut
505 3327 716 3410 Augustinus
747 3329 827 3392 dicit
850 3328 934 3390 libro
956 3328 999 3390 de
1029 3326 1173 3390 Ciuitate
1204 3328 1277 3403 Dei,
1300 3329 1410 3411 ipsum
1440 3328 1552 3393 adhuc

397 3432 557 3513 magistro
595 3453 664 3509 su0‚
693 3432 819 3495 scilicet
850 3431 1020 3509 Platone8,
1051 3433 1193 3508 vivente,
1222 3433 1346 3496 multos
1384 3435 1417 3496 in
1454 3455 1551 3497 suam

395 3536 558 3598 haeresim
575 3557 800 3619 congregasse.
848 3536 917 3601 Sed
933 3547 1046 3600 tamen
1069 3538 1220 3599 omnium
1243 3538 1552 3620 philosophantium

396 3639 589 3702 testimonio
614 3640 710 3702 Plato
732 3640 858 3702 nullam
882 3642 1167 3724 comparationem
1190 3652 1343 3724 respectu
1359 3642 1553 3705 Aristotelis

396 3743 544 3805 noscitur
557 3742 719 3807 habuisse.
766 3743 802 3808 Si
818 3744 919 3826 igitur
929 3746 1036 3807 sancti
1050 3743 1212 3807 vidissent
1223 3744 1468 3826 philosophiam
1480 3745 1554 3827 ejus

396 3868 456 3931 pro
472 3855 562 3911 certo
578 3868 617 3909 ea
632 3848 682 3910 usi
698 3857 817 3925 essent,
829 3857 862 3911 et
874 3849 972 3911 altius
987 3848 1195 3923 extulissent,
1206 3849 1285 3930 quia
1299 3850 1472 3913 veritatem
1486 3871 1553 3914 non

396 3960 575 4034 negassent
598 3952 818 4031 manifestam,
834 3973 895 4015 nec
912 3954 1062 4016 maxima
1085 3974 1145 4036 pro
1161 3954 1305 4016 minimis
1320 3953 1554 4019 declinassent

396 4055 572 4119 Caeterum
590 4076 633 4118 ex
647 4054 731 4118 libro
744 4056 1086 4139 praedicamentorum
1103 4056 1315 4119 manifestum
1328 4066 1379 4120 est
1388 4068 1554 4139 quantum

396 4159 503 4223 sancti
519 4158 711 4223 laudassent
727 4160 940 4224 Aristotelis⁹
963 4161 1138 4243 magnalia,
1154 4170 1332 4243 postquam
1348 4160 1441 4224 illum
1464 4161 1555 4226 libel·

427 4343 438 4376 ¹
455 4345 486 4396 O.
501 4345 547 4394 has
557 4360 608 4394 non
619 4344 700 4394 solum
711 4344 773 4395 aiter
785 4352 920 4407 caetemm,
932 4346 964 4397 V.
978 4347 1052 4396 omits
1065 4363 1071 4407 ;
1085 4345 1110 4410 J.
1124 4345 1146 4395 is
1156 4345 1275 4410 wanting.

427 4425 439 4458 ²
456 4427 488 4478 O.
501 4443 551 4477 om.
565 4427 631 4478 ideo.
780 4425 790 4458 ³
807 4427 839 4478 O.
853 4445 903 4478 om.
916 4428 1099 4479 aut-Graeco.
1248 4425 1260 4457 ⁴
1276 4427 1308 4479 Ο.
1322 4443 1372 4479 om.
1385 4429 1513 4494 temporis.

428 4507 489 4574 ⁶J.,
508 4545 516 4560 .
535 4545 542 4560 .
561 4545 568 4560 .
589 4508 658 4560 bicis.
694 4509 725 4560 Ο.
740 4526 790 4559 om.
804 4525 858 4560 nec.
872 4510 999 4560 Arabibus
1015 4547 1022 4561 .
1041 4548 1048 4562 .
1068 4547 1075 4561 .
1095 4517 1189 4559 tactum
1200 4517 1245 4560 est.

428 4590 439 4622 ⁰
453 4591 488 4640 Ο.
501 4607 551 4640 om.
565 4591 635 4656 cujus
645 4606 716 4640 usum
729 4607 781 4641 non
791 4591 927 4642 habebant.
1060 4590 1071 4623 ⁷
1087 4591 1119 4642 O.
1133 4607 1182 4641 om.
1197 4599 1222 4641 et
1233 4590 1525 4659 dicunt—congregasse.

429 4671 440 4704 ³
454 4673 489 4738 J.,
504 4673 608 4722 Platone
619 4672 720 4725 scilicet.
1063 4671 1074 4704 ⁹
1090 4674 1121 4724 V.
1126 4711 1133 4735 ‚
1146 4673 1316 4725 Aristotelem.
