3559 5442
319 655 663 717 PHILOSOPHIAE
687 657 792 717 CUM
809 653 1076 716 THEOLOGIA
1098 651 1352 713 AFFINITAS.
1382 665 1420 728 55

257 818 354 899 »quod
382 818 415 880 in
443 827 594 902 tempore
617 818 829 900 antiquorum
853 827 932 881 ante
956 815 1174 880 Aristotelem
1196 824 1231 878 et
1252 809 1422 878 caeteros1

264 920 483 1003 philosophos
499 921 560 984 luit
580 921 790 1004 philosophia
805 921 981 1004 completa,
996 921 1039 983 ad
1054 920 1149 1001 cujus
1164 917 1423 1001 completionem

267 1024 465 1088 Aristoteles
486 1046 546 1088 suo
569 1034 719 1109 tempore
739 1025 908 1108 aspirabat
917 1023 937 1088 ².
982 1023 1051 1087 Et⁸
1073 1024 1106 1086 in
1129 1023 1269 1106 prologo
1289 1040 1424 1102 compo-

264 1129 394 1191 sitionis
417 1129 587 1193 astrolabii
611 1130 794 1193 Ptolemaei
804 1129 824 1208 ³,
847 1139 881 1192 et
907 1129 997 1212 apud
1021 1128 1226 1192 Albumasar
1247 1127 1280 1188 in
1306 1124 1424 1205 majori

265 1232 506 1296 introductorio
536 1243 570 1296 et
596 1233 675 1296 alibi
705 1242 739 1297 et
773 1254 876 1317 penes
906 1233 1011 1296 alios4
1036 1231 1178 1294 habetur
1201 1228 1426 1312 multipliciter

264 1335 356 1418 quod
382 1336 456 1399 Noe
478 1345 512 1400 et
536 1336 615 1402 Sem
631 1337 717 1400 filius
740 1338 810 1420 ejus
835 1336 1095 1420 multiplicarunt
1117 1334 1370 1418 philosophiam,
1392 1341 1427 1394 et

266 1440 444 1523 praecipue
464 1441 727 1524 primogenitus⁵
744 1441 823 1506 Sem
841 1440 1003 1522 prevaluit
1018 1441 1052 1503 in
1068 1439 1130 1502 hac
1146 1448 1248 1521 parte
1294 1433 1426 1499 Deinde

265 1552 342 1625 post
369 1545 451 1607 istos
482 1543 613 1607 suerunt
643 1545 704 1607 viri
730 1545 786 1626 qui
818 1543 1008 1628 philosophi
1034 1541 1261 1606 vocabantur⁶
1290 1539 1426 1602 nomine

265 1645 412 1727 vulgato,
457 1645 585 1710 Omnes
610 1647 799 1731 philosophi
821 1657 856 1710 et
878 1656 999 1730 poetae
1020 1643 1161 1709 lamosi⁷
1182 1654 1216 1707 et
1232 1642 1374 1724 majores
1392 1652 1427 1703 et

267 1750 410 1814 minores
435 1750 568 1813 fuerunt
592 1759 670 1833 post
694 1751 769 1814 Noe
792 1759 825 1814 et
848 1750 934 1814 filios
956 1771 1043 1826 suos
1065 1759 1100 1814 et
1122 1748 1221 1833 post⁸
1243 1747 1426 1810 Abraham.

268 1853 356 1916 Nam
374 1854 572 1917 Aristoteles
602 1864 636 1917 et
665 1875 781 1918 omnes
811 1855 1025 1918 consentiunt
1055 1854 1088 1916 in
1119 1853 1183 1916 hoc
1209 1852 1300 1934 quod
1330 1850 1427 1934 primi

266 1957 539 2040 philosophantes
563 1959 695 2021 fuerunt
718 1958 879 2023 Chaldaei
903 1968 936 2021 et
960 1957 1132 2041 Aegyptii,
1154 1957 1244 2020 unde
1269 1956 1428 2018 adhaeret

266 2061 442 2124 sententiis
469 2071 602 2145 patrum
633 2060 880 2126 Chaldaeorum
908 2063 942 2125 in
965 2060 1153 2126 undecimo
1168 2060 1427 2144 Metaphysicae.

259 2165 313 2227 :Et
330 2166 363 2227 in
380 2166 538 2249 Aegypto
562 2165 796 2230 scholasticum
821 2167 970 2230 studium
986 2167 1095 2250 primo
1111 2165 1300 2228 institutum
1316 2173 1375 2241 est,
1391 2172 1429 2225 ut

266 2268 348 2332 dicit
371 2271 404 2332 in
431 2270 540 2351 primo
563 2270 825 2352 Metaphysicae.
885 2269 975 2353 Quia
1005 2270 1082 2333 licet
1113 2270 1187 2332 Noe
1216 2277 1250 2331 et
1273 2268 1330 2330 filii
1355 2267 1428 2349 ejus

259 2372 453 2436 ‘docuerunt
477 2373 665 2438 Chaldaeos
688 2384 871 2456 antequam
896 2374 1070 2437 Abraham
1093 2374 1207 2437 docuit
1230 2373 1428 2455 Aegyptios,

258 2485 381 2538 tamen
405 2476 550 2541 nonfuit
573 2477 721 2540 studium
744 2498 836 2540 more
858 2477 1059 2540 scholastico
1080 2475 1274 2559 regulariter
1296 2477 1344 2538 ita
1361 2475 1428 2538 cito

266 2580 467 2656 institutum,
482 2580 541 2644 sed
559 2580 721 2664 paulatim
737 2583 840 2646 crevit
855 2580 938 2644 ordo
952 2581 1024 2664 ejus
1039 2591 1074 2643 et
1088 2581 1295 2643 exercitium.

259 2734 263 2740 .
312 2684 488 2767 Quatenus
526 2685 626 2768 igitur
657 2687 767 2748 omnis
797 2685 966 2750 dubitatio
1002 2685 1139 2748 tollatur
1169 2683 1295 2746 in-hac
1325 2694 1429 2766 parte,

261 2788 441 2851 -videamus
465 2789 642 2852 decursum
669 2798 703 2852 et
733 2789 850 2852 seriem
879 2787 1063 2851 infidelium
1093 2787 1366 2871 philosophorum
1393 2798 1428 2850 et

268 2901 452 2975 poetarum,
467 2901 501 2955 et
524 2894 674 2957 omnium
698 2891 948 2956 sollicitantium
971 2891 1014 2954 de
1037 2891 1148 2954 studio
1171 2891 1368 2974 sapientiali‚
1390 2902 1428 2954 ut

268 2997 488 3080 percipiamus
499 2997 589 3078 quod
603 3006 678 3081 post
689 2997 863 3060 Abraham
873 3007 908 3059 et
918 2994 1203 3081 praedecessores⁹
1211 3015 1299 3070 suos,
1307 2994 1428 3078 quibus

266 3121 287 3162 a
311 3100 387 3163 Deo
408 3101 518 3162 omnis
529 3101 553 3143 1⁰
568 3101 732 3184 sapientia
755 3100 901 3164 revelata
922 3110 982 3177 est,
1004 3100 1130 3163 inventi
1145 3100 1213 3162 sint
1234 3098 1354 3182 singuli
1371 3101 1429 3181 qui
1506 3134 1509 3139 ,

261 3202 411 3285 valiquem
435 3202 570 3266 titulum
594 3205 777 3286 sapientiae
800 3202 1047 3269 laudabiliterll
1070 3203 1184 3285 adepti
1206 3212 1293 3265 sunt.
1338 3203 1428 3265 Nam

265 3294 504 3388 quamcunque
516 3306 670 3370 volumus
686 3307 831 3370 strictius
848 3317 1050 3390 computare,
1064 3308 1254 3370 Zoroastres
1263 3305 1289 3343 ¹²
1303 3307 1429 3370 invenit

266 3418 354 3472 artes
390 3409 537 3491 magicas
574 3410 758 3473 secundum
791 3411 1021 3493 Augustinum
1051 3410 1211 3473 vicesimo
1246 3411 1357 3492 primo
1385 3410 1428 3474 de

267 3513 411 3578 Civitate
428 3514 502 3590 Dei,
517 3522 551 3576 et
573 3517 758 3578 secundum
781 3535 898 3577 omnes
921 3523 1072 3578 auctores
1094 3515 1157 3577 hoc
1171 3513 1345 3596 vulgatum
1360 3524 1429 3592 est;
1467 3505 1470 3510 ⁷
1561 3502 1564 3505 ¹

266 3619 325 3680 sed
342 3617 395 3682 hic
411 3617 474 3681 suit
491 3617 597 3682 Cham
615 3617 700 3681 filius
719 3619 801 3696 Noe,
817 3628 854 3682 ut
870 3618 1026 3683 Clemens
1041 3618 1125 3681 libro
1141 3638 1202 3680 suo
1217 3627 1250 3681 et
1267 3618 1429 3701 Magister

270 3721 495 3784 Historiarum
512 3731 545 3784 et
565 3722 746 3804 Speculum
765 3722 949 3786 Historiale
964 3722 1187 3786 conscribunt.
1228 3722 1364 3812 ¹Deinde
1382 3724 1428 3796 10,
1502 3723 1505 3727 ’

262 3843 352 3907 'quae
362 3834 478 3907 postea
494 3825 554 3886 Isis
567 3825 657 3887 dicta
668 3835 726 3903 est,
740 3825 834 3888 dedit
847 3825 958 3888 literas
972 3826 1160 3908 Aegyptiis,
1169 3834 1206 3888 ut
1219 3823 1429 3907 Augustinus

266 3929 347 3991 dicit
363 3927 447 3990 libro
463 3924 505 3991 de
522 3929 666 3993 Civitate
682 3930 746 3993 Dei
763 3939 882 3992 octavo
899 3930 1030 3993 decimo
1044 3952 1051 4008 ;
1073 3939 1151 3992 ante
1167 3929 1261 4010 cujus
1276 3936 1428 4012 tempora
1544 3981 1546 3985 .

266 4033 413 4096 nonfuit
436 4029 619 4095 secundum
636 4034 867 4116 Augustinum
891 4035 1075 4116 sapientiae
1097 4033 1246 4097 studium
1269 4032 1370 4095 literis
1393 4044 1428 4098 et

295 4166 449 4230 10.,εὶ1ἰοε.
910 4168 980 4231 ²V.‚
994 4162 1173 4234 conspirabat.'
1199 4169 1243 4232 0.,
1256 4169 1389 4234 aspirabat

296 4248 357 4301 ⁸0.
371 4267 421 4302 om.
435 4250 498 4300 etin
509 4251 798 4316 prologo-Ptolomaei.
910 4250 982 4313 *0.,
994 4252 1100 4317 aliquos.
1140 4254 1142 4260 “

298 4329 309 4361 ⁶
326 4331 357 4382 Ο.
371 4347 421 4382 om,
435 4331 624 4396 primogenitus.
877 4325 880 4330 ⁴
1141 4326 1143 4329 ¹

296 4411 307 4443 ⁰
325 4413 356 4463 Ο.
370 4414 416 4463 has
427 4413 509 4463 hiatus
520 4413 547 4464 in
557 4415 629 4479 place
641 4414 670 4464 of
676 4414 721 4480 qui
732 4414 877 4481 philosophi
887 4416 1049 4466 vocabantur.
1126 4405 1130 4412 ⁵

296 4494 307 4528 ⁷
325 4495 357 4546 Ο.
371 4512 422 4546 om.
437 4495 533 4546 famosi.
914 4495 926 4528 ⁸
942 4497 975 4548 Ο.
988 4514 1039 4548 om.
1053 4503 1118 4561 post.

295 4575 367 4638 ⁹0„
381 4579 531 4629 decessores.
849 4569 850 4574 ¹
904 4577 925 4613 ¹⁰
942 4579 975 4630 Ο.
989 4595 1039 4631 om.
1055 4578 1144 4630 omnis

274 4657 306 4690 '¹¹
323 4659 355 4711 O.
370 4676 420 4710 om.
434 4659 571 4725 sapientiae
583 4660 748 4714 laudabiliter.
907 4659 928 4691 1²
941 4661 978 4726 J.,
991 4662 1131 4714 Zoroastes.
1187 4707 1191 4712 .
