3559 5442
400 678 438 750 48
593 676 762 738 OPERIS
779 675 982 755 MAJORIS
998 675 1119 735 PARS
1138 675 1366 736 SECUNDA.
1467 683 1470 688 ’

297 842 301 850 ’
398 838 497 920 hujus
508 840 624 922 operis,
637 837 730 901 cum1
744 838 800 901 fiet
813 838 940 901 mentio
952 838 1091 901 devitiis
1103 836 1373 917 translatorum¹;
1389 838 1447 902 sed
1461 839 1560 921 longe

397 944 494 1026 plura
517 952 595 1005 sunt
618 942 757 1005 obscure
780 950 813 1004 et
837 962 904 1004 non
929 941 1179 1024 intelligibiliter
1202 941 1372 1016 translata,
1387 942 1420 1005 in
1437 943 1559 1024 quibus

398 1045 558 1130 quilibet2
587 1047 642 1109 alii
674 1054 785 1129 potest
814 1047 1050 1109 contradicere.
1078 1046 1081 1051 ’
1106 1046 1151 1108 Et
1177 1046 1210 1108 in
1242 1045 1305 1108 hoc
1335 1044 1410 1108 loco
1436 1046 1558 1109 accidit

397 1162 576 1233 utrumque
591 1151 708 1213 vitium
724 1149 776 1212 vel
793 1149 911 1212 saltem
928 1149 1121 1226 secundum,
1139 1149 1230 1231 quod
1246 1150 1352 1230 probo
1371 1171 1431 1232 per
1446 1151 1557 1233 ipsum

398 1256 624 1319 Aristotelem.
685 1253 773 1316 Nam
805 1254 876 1336 ipse
916 1253 996 1315 dicit
1027 1253 1176 1316 secundo
1209 1254 1436 1334 Physicorum,
1464 1253 1557 1335 quod

397 1358 536 1421 materia
560 1379 625 1420 non
651 1357 807 1420 coincidit
832 1377 909 1419 cum
937 1357 1009 1419 aliis
1036 1357 1144 1418 causis
1165 1357 1197 1419 in
1225 1357 1344 1420 eodem
1372 1357 1556 1420 secundum

396 1483 582 1540 numerum,
598 1482 678 1544 ergo
701 1461 734 1523 in
758 1460 849 1523 nulla
873 1469 992 1523 natura
1014 1469 1093 1522 sunt
1116 1460 1215 1523 simul
1236 1481 1339 1543 agens
1360 1470 1393 1524 et
1409 1462 1557 1538 materia,

396 1587 477 1648 ergo
493 1587 553 1628 nec
570 1567 602 1628 in
620 1565 740 1628 anima.
785 1563 821 1629 Si
843 1565 943 1647 igitur
964 1562 1007 1626 ad
1024 1564 1153 1627 literam
1170 1573 1323 1627 teneatur
1338 1574 1452 1627 textus
1469 1565 1556 1627 male

397 1670 586 1746 translatus
601 1677 680 1730 tunc
696 1669 834 1730 omnino
850 1667 952 1730 falsus
968 1677 1027 1745 est,
1042 1677 1076 1729 et
1091 1677 1208 1730 contra
1225 1669 1440 1732 Aristotelem
1457 1668 1534 1731 alibi
1548 1691 1555 1745 3

397 1786 432 1836 et
446 1774 537 1836 non³
552 1772 748 1835 contradicit
760 1772 821 1834 sibi
837 1781 952 1834 tantus
964 1782 1087 1834 auctor.
1134 1771 1179 1833 Et
1189 1771 1462 1855 qualitercunque
1477 1794 1555 1836 con-

397 1879 515 1960 tingat,
530 1877 667 1941 verbum
689 1896 786 1938 suum
811 1876 843 1938 in
867 1875 1016 1938 secundo
1034 1875 1249 1956 Physicorum
1266 1885 1317 1938 est
1332 1897 1446 1938 verum
1462 1886 1496 1939 et
1511 1879 1556 1939 ab

398 1981 554 2045 omnibus
576 2001 791 2060 concessum;
814 2000 894 2062 ergo
917 2000 1026 2042 sermo
1047 1999 1127 2042 suus
1149 1981 1247 2042 tertio
1277 1981 1320 2046 de
1350 1980 1477 2059 Anima
1507 1991 1558 2043 est

397 2086 482 2149 falso
512 2085 701 2162 translatus,
727 2084 779 2147 vel
806 2085 935 2166 indiget
961 2085 1181 2167 expositione.
1234 2081 1323 2146 Nam
1355 2085 1435 2147 nihil
1466 2085 1555 2149 aliud

398 2189 542 2253 intendit
557 2190 619 2252 nisi
635 2190 724 2270 quod
743 2189 775 2251 in
793 2189 905 2250 anima
920 2189 976 2251 et4
998 2190 1031 2250 in
1048 2189 1241 2271 operatione
1260 2175 1414 2251 animae4
1432 2189 1556 2271 requir-

398 2296 518 2358 antur⁵
533 2294 609 2371 du0,
625 2293 748 2356 scilieet
764 2313 866 2375 agens
883 2302 916 2354 et
933 2293 1081 2369 materia,
1093 2293 1177 2354 sicut
1190 2293 1222 2354 in
1238 2293 1330 2354 omni
1341 2302 1467 2355 natura.
1515 2293 1556 2356 ld

398 2408 457 2476 est,
472 2399 505 2460 in
521 2399 612 2460 omni
628 2399 821 2479 operatione
837 2407 975 2459 naturae
990 2396 1058 2459 duo
1070 2396 1259 2478 exiguntur,
1274 2397 1398 2459 scilicet
1410 2397 1557 2460 efficiens

397 2513 431 2565 et
454 2503 601 2576 materia,
616 2511 649 2564 et
666 2500 747 2564 illud
770 2510 820 2564 est
835 2520 969 2578 verum3
992 2500 1050 2563 sed
1067 2521 1170 2582 agens
1195 2509 1245 2562 est
1268 2521 1399 2583 semper
1422 2501 1512 2564 aliud
1537 2505 1557 2563 a

398 2607 545 2683 materia,
560 2616 594 2668 et
609 2614 706 2668 extra
721 2626 795 2667 eam
813 2607 997 2669 secundum
1014 2604 1246 2681 substantiam,
1262 2604 1338 2667 licet
1354 2614 1509 2686 operetur
1521 2607 1553 2668 in

397 2711 496 2775 eam.⁶
532 2710 708 2775 Caeterum
726 2729 903 2792 possumus
919 2708 1013 2771 aliter
1025 2708 1114 2770 hunc
1130 2709 1239 2771 locum
1256 2706 1426 2772 consolari.
1466 2709 1555 2772 Nam

398 2815 596 2879 Aristoteles
623 2824 742 2896 quarto
769 2814 987 2895 Physicorum
1017 2812 1098 2875 dicit
1128 2813 1218 2894 quod
1248 2822 1325 2875 octo
1357 2814 1447 2876 modi
1478 2824 1557 2877 sunt

397 2920 528 2983 essendi
552 2921 584 2982 in
608 2918 729 3000 aliquo,
752 2939 894 3000 quorum
918 2938 1004 2980 unus
1027 2926 1078 2980 est
1101 2926 1137 2979 ut
1161 2937 1298 2980 movens
1320 2928 1371 2980 est
1394 2918 1427 2979 in
1455 2928 1557 2995 mot0,

397 3025 475 3105 quia
507 3043 643 3086 movens
674 3042 731 3084 seu
767 3041 870 3102 agens
908 3016 959 3083 e'st
993 3020 1178 3083 secundum
1207 3021 1364 3084 virtutem
1394 3042 1489 3084 suam
1521 3023 1554 3085 in

398 3128 536 3191 materia
549 3137 640 3189 mota
650 3124 669 3203 ⁷,
685 3125 762 3188 licet
775 3146 841 3187 non
855 3127 1039 3190 secundum
1053 3124 1283 3187 substantiam.
1320 3125 1365 3188 Et
1376 3127 1422 3188 sic
1433 3127 1555 3208 agens⁸

397 3241 448 3294 est
464 3232 496 3293 in
513 3231 603 3293 omni
620 3239 739 3292 natura
756 3229 788 3291 in
805 3227 932 3310 quam⁹
948 3239 1111 3311 operatur,
1123 3237 1157 3291 et
1173 3229 1219 3291 ita
1231 3229 1264 3291 in
1281 3230 1400 3292 anima
1447 3229 1492 3291 Et
1508 3230 1555 3292 sic

398 3335 490 3398 nullo
513 3335 614 3397 modo
636 3334 785 3416 sequitur
800 3334 890 3414 quod
912 3331 1100 3394 intellectus
1122 3353 1226 3414 agens
1248 3333 1290 3395 sit
1314 3354 1389 3415 pars
1415 3335 1555 3411 animae,

397 3449 434 3502 ut
450 3438 569 3521 vulgus
585 3436 688 3520 fingit.
726 3437 772 3498 Et
784 3436 866 3499 haec
882 3437 1049 3498 sententia
1063 3445 1113 3498 est
1129 3445 1201 3499 tota
1216 3436 1331 3511 fidelis,
1347 3447 1380 3499 et
1396 3458 1416 3498 a
1431 3440 1555 3501 sanctis

395 3542 611 3620 confirmata;
635 3541 743 3604 sciunt
753 3539 778 3578 1⁰
793 3541 881 3602 enim
898 3560 1015 3602 omnes
1030 3539 1187 3622 theologi,
1203 3539 1329 3622 qu0d1⁰
1344 3541 1556 3622 Augustinus

397 3646 478 3709 dicit
493 3648 526 3708 in
543 3644 733 3726 Soliloquiis
750 3653 783 3707 et
799 3644 886 3719 alibi,
903 3643 993 3726 quod
1010 3643 1071 3705 soli
1089 3643 1164 3706 Deo
1182 3654 1234 3706 est
1249 3644 1361 3707 anima
1384 3645 1555 3708 rationalis

397 3749 547 3832 subjecta
563 3751 596 3812 in
614 3748 910 3812 illuminationibus
931 3757 964 3810 et
987 3748 1167 3811 influentiis
1189 3748 1344 3811 omnibus
1367 3749 1555 3831 principali-

396 3857 468 3919 bus
514 3854 559 3916 Et
574 3853 727 3935 quamvis
742 3852 851 3935 angeli
868 3862 1012 3935 purgent
1028 3861 1157 3915 mentes
1173 3862 1303 3915 nostras
1318 3867 1351 3916 et
1367 3852 1555 3916 illuminent

305 3985 306 3992 ¹
395 3968 431 4023 et
446 3957 597 4021 excitent
613 3957 727 4020 multis
740 3956 857 4032 modiS,
869 3966 905 4019 et
920 3956 988 4019 sint
1003 3955 1046 4018 ad
1059 3957 1187 4020 animas
1200 3966 1331 4019 nostras
1342 3957 1427 4019 sicut
1439 3958 1554 4020 stellae

397 4071 549 4146 respectu
571 4061 658 4124 oculi
680 4060 868 4143 corporalis
891 4069 1004 4122 tamen
1023 4060 1233 4142 Augustinus
1255 4060 1388 4123 ascribit
1409 4061 1483 4123 Deo
1507 4062 1555 4124 in·

397 4167 569 4230 fluentiam
593 4164 808 4248 principalem
832 4165 918 4227 sicut
949 4163 1010 4227 soli
1040 4163 1215 4226 influentia
1244 4163 1378 4226 luminis
1403 4163 1554 4228 cadentis

397 4291 456 4354 per
471 4270 650 4333 fenestram
668 4269 851 4345 ascribitur,
867 4277 901 4331 et
924 4267 1062 4351 angelus
1085 4268 1246 4351 aperienti
1267 4268 1443 4331 fenestram
1467 4290 1556 4332 com·

428 4438 438 4469 ¹
456 4439 488 4489 O.
502 4455 552 4489 om.
566 4439 840 4489 cum-translatorum.
892 4434 904 4467 ²
919 4437 964 4497 0.,
976 4436 1082 4501 quilibet
1094 4454 1102 4497 3
1117 4437 1162 4498 V.,
1174 4436 1284 4487 cuilibet.

394 4563 396 4570 .
428 4519 487 4573 ³0.
502 4537 551 4572 om.
565 4536 624 4571 non.
889 4517 1281 4585 ⁴O.,scilinetiuoperatioue;
1297 4535 1347 4570 om.
1360 4518 1469 4571 animae.

429 4602 439 4634 ⁶
456 4604 499 4665 O.,
512 4603 679 4668 requiruntur.
892 4599 903 4632 ⁰
920 4601 964 4662 O.,
977 4617 1015 4651 ea.
1211 4599 1223 4633 ⁷
1239 4601 1283 4662 O.,
1296 4617 1348 4652 sua.

427 4682 439 4717 ⁸
455 4685 488 4735 Ο.
502 4702 551 4736 om.
561 4701 647 4750 agens.
890 4681 902 4716 ⁹
917 4684 961 4745 O.,
974 4699 1034 4748 qua.
1214 4680 1234 4714 ¹⁰
1251 4684 1283 4734 Ο.
1297 4699 1347 4735 om.
1360 4682 1551 4750 sciunt-quod.
