3559 5442
407 663 464 730 184
669 656 967 717 ADDITIONAL
989 657 1148 728 NOTES,
1174 657 1261 718 VOL.
1285 660 1331 718 II.

401 826 526 876 actionem
542 825 639 890 agentis
655 833 681 874 et
702 825 806 874 modum
822 825 920 888 agentis
935 823 961 872 in
978 825 1108 873 materiam
1125 832 1260 890 antequam
1282 825 1389 876 sciamus
1410 827 1489 890 ipsam
1506 842 1563 890 pro·

402 908 545 959 ductionem
568 905 621 956 sive
641 906 829 970 generationem
851 906 886 955 rei
912 906 945 955 de
966 906 1079 970 potentia
1102 908 1220 956 materiae
1241 924 1285 972 per
1312 909 1428 958 virmtem
1456 907 1561 972 agentss.

401 990 489 1040 Virtus
498 989 565 1040 enim
576 989 659 1039 activa
674 988 772 1053 agentss
788 995 938 1037 transmutat
954 988 1082 1037 materiam
1099 990 1237 1040 naturalem
1254 998 1280 1039 et
1295 991 1416 1040 assimilat
1432 1007 1487 1040 eam
1504 991 1561 1050 sibi,

402 1083 430 1123 ut
451 1073 581 1138 perhanc
602 1070 806 1121 assimilationem
828 1070 903 1120 saciat
930 1069 1033 1120 effecttrs
1054 1072 1195 1137 completos
1216 1071 1336 1122 univocos
1358 1073 1398 1122 vel
1419 1073 1561 1138 equivocus.

404 1157 533 1207 Univocus
548 1154 651 1204 effoetus
666 1153 764 1218 estqui
779 1153 881 1202 nomine
898 1163 923 1202 et
939 1152 1087 1202 diffinitione
1103 1155 1239 1203 concordat
1253 1171 1311 1203 cum
1327 1164 1426 1219 agente,
1442 1163 1470 1203 ut
1486 1156 1564 1204 homo

402 1245 536 1303 generatus
545 1253 603 1285 cum
613 1236 715 1287 homine
730 1244 873 1300 generante.
911 1235 1054 1300 Fquivoeus
1070 1235 1173 1286 effectius
1184 1244 1222 1285 est
1236 1237 1344 1301 quinon
1354 1237 1520 1288 communicat
1537 1238 1563 1287 in

403 1320 504 1370 nominc
512 1336 570 1369 cum
577 1327 668 1383 agente
676 1335 723 1367 nec
730 1317 897 1377 diffinitione;
912 1323 939 1366 ut
951 1318 995 1366 lux
1002 1326 1105 1383 generat
1116 1319 1224 1369 calorem
1233 1327 1258 1368 et
1270 1320 1336 1368 calor
1347 1319 1562 1384 putrefactionem,

402 1411 429 1452 et
444 1402 481 1452 sic
496 1402 529 1452 de
544 1399 655 1452 infinitis.
690 1399 748 1450 Nisi
764 1399 839 1464 igitur
854 1398 946 1449 sciatur
963 1401 1025 1449 haec
1041 1400 1108 1450 actio
1123 1401 1222 1464 agentis
1237 1400 1263 1450 in
1280 1402 1408 1451 materiam
1425 1403 1563 1452 naturalem

401 1501 478 1550 quam
494 1499 612 1534 vocamus
627 1481 782 1533 intuendam
798 1482 896 1547 agentis
912 1481 939 1530 iu
955 1481 1085 1532 materiam
1101 1483 1237 1547 patientem
1254 1483 1291 1532 nil
1306 1483 1441 1548 poterimus
1457 1485 1520 1534 scire
1532 1485 1564 1534 de

403 1567 536 1618 mum
555 1564 728 1633 productione,
749 1572 775 1614 et
794 1564 851 1613 ideo
870 1564 1015 1614 immediate
1034 1573 1090 1629 post
1113 1565 1241 1630 praedicta
1256 1574 1356 1630 oportet
1377 1566 1477 1615 tractari
1498 1567 1564 1615 hanc

403 1649 566 1700 influentiam.
602 1647 676 1698 (hren
691 1663 747 1697 eam
765 1662 824 1696 vero
841 1646 915 1712 plene
932 1646 1121 1710 intelligendam
1132 1655 1158 1696 et
1174 1646 1291 1696 distincte
1307 1657 1406 1712 oportet
1421 1649 1531 1698 ordinari
1548 1665 1564 1696 x

403 1732 522 1797 capitula,
544 1747 651 1795 quornm
678 1729 801 1795 principia
827 1729 912 1794 aliqua
938 1729 1067 1779 habebunt
1093 1728 1203 1794 capitula
1230 1730 1313 1794 aliqua
1338 1731 1507 1780 subalternata
1528 1730 1565 1780 eis

405 1820 507 1878 propter
527 1811 660 1862 veritatum
682 1809 869 1860 multitudinem
888 1825 955 1874 quae
972 1809 998 1858 in
1020 1825 1071 1858 uno
1093 1808 1236 1874 particulari
1257 1811 1368 1875 capitulo
1389 1827 1440 1860 non
1461 1820 1566 1876 possunt

404 1895 537 1953 concludi;
552 1893 673 1960 quoniam
689 1892 771 1957 primo
786 1899 885 1957 oportet
907 1907 963 1941 eam
979 1891 1131 1941 considerari
1150 1892 1177 1940 in
1197 1892 1366 1957 corporalibus
1387 1894 1519 1958 agentibus
1540 1901 1566 1943 et

405 1976 566 2042 patientibus,
586 1975 697 2025 secundo
717 1974 744 2023 in
766 1972 936 2038 spiritualibus
957 1974 989 2021 ad
1011 1973 1117 2023 invicem
1137 1980 1163 2022 et
1182 1983 1295 2037 respectu
1315 1975 1489 2039 corporalium.
1534 1976 1564 2024 ln

406 2059 576 2125 corporalibus
599 2074 658 2106 vero
679 2064 777 2121 oportet
796 2056 878 2121 primo
897 2057 970 2116 [Pars
991 2055 1008 2107 i.
1029 2072 1084 2120 cap.
1110 2057 1135 2116 1]
1154 2055 1211 2105 sciri
1232 2057 1360 2121 quomodo
1382 2067 1482 2106 vocetur
1504 2059 1566 2108 haec

406 2141 535 2192 influentia
556 2147 582 2189 et
599 2156 664 2205 quae
682 2138 723 2188 sit.
759 2138 875 2189 Secundo
885 2139 958 2199 [Pars
970 2139 984 2186 i
997 2154 1053 2202 cap.
1068 2138 1094 2198 2]
1113 2154 1179 2204 quae
1196 2154 1234 2186 res
1251 2147 1354 2202 pressum
1370 2139 1406 2188 sic
1421 2140 1524 2190 influere
1542 2149 1567 2190 et

406 2236 488 2282 agere.
517 2218 603 2267 Tertio
613 2219 686 2279 [Pars
696 2213 713 2266 i.
726 2232 782 2280 cap.
798 2232 820 2278 3,
833 2216 861 2276 4]
875 2216 908 2264 de
919 2215 996 2264 modo
1005 2216 1115 2279 generali
1125 2215 1248 2265 efficiendi
1258 2215 1400 2282 hujusmodi
1410 2215 1564 2268 influentiam

406 2299 431 2348 in
445 2299 542 2365 patiens
558 2299 591 2346 ab
607 2303 705 2362 agente.
741 2297 838 2359 Quarto
848 2297 921 2357 [Pars
938 2295 954 2346 i.
968 2312 1023 2361 cap.
1040 2297 1065 2358 ς]
1076 2296 1108 2345 de
1119 2305 1207 2347 natura
1217 2304 1242 2346 et
1253 2297 1406 2361 proprietate
1417 2298 1565 2364 patientium

406 2391 432 2432 et
449 2379 621 2446 recipientium
637 2379 781 2445 hujusmodi
796 2377 952 2428 influentiam
963 2379 997 2426 ab
1012 2379 1144 2442 agentibus
1155 2379 1191 2428 eis
1201 2379 1435 2444 proportionalibus.
1471 2382 1567 2444 Quinto

407 2466 479 2526 [Pars
495 2463 511 2512 i.
530 2479 586 2528 cap.
605 2463 632 2522 6]
646 2478 662 2510 a
680 2461 772 2526 quibus
789 2460 921 2525 agentibus
939 2460 964 2509 in
982 2459 1073 2524 quibus
1091 2460 1243 2524 patientibus
1260 2468 1343 2526 potest
1360 2463 1421 2512 haec
1438 2462 1568 2513 influentia

407 2545 528 2610 compleri
534 2544 561 2594 in
568 2543 670 2594 effectus
678 2542 771 2593 similes
781 2543 913 2608 agentibus
921 2541 1016 2592 scilicet
1026 2543 1128 2592 nomine
1136 2551 1161 2592 et
1169 2542 1326 2596 diffinitione.
1362 2544 1438 2594 Sexto
1446 2545 1519 2607 [Pars
1527 2545 1568 2607 it]

408 2629 441 2677 de
458 2627 535 2676 modo
550 2624 734 2691 multiplicandi
750 2624 895 2689 hujusmodi
911 2623 1066 2674 influentiam
1083 2623 1109 2672 in
1125 2625 1270 2690 corporibus
1286 2625 1319 2673 ab
1334 2635 1424 2691 agente
1438 2635 1462 2676 et
1479 2643 1494 2676 a
1510 2628 1568 2676 loco

408 2727 467 2760 suae
482 2707 652 2774 generationis
669 2707 751 2771 primo
767 2706 904 2756 secundum
921 2706 1011 2756 modos
1022 2706 1141 2755 linearum
1154 2714 1180 2757 et
1195 2708 1342 2771 angulorum
1354 2718 1379 2757 et
1396 2709 1529 2772 figurarum
1542 2710 1568 2759 in

408 2794 499 2857 quibus
520 2791 584 2840 liunt
604 2788 826 2854 multiplicationes
846 2787 979 2839 naturales.
1027 2787 1166 2852 Septimum
1194 2788 1266 2850 [Pars
1293 2789 1342 2851 iii]
1369 2798 1406 2840 est
1433 2792 1465 2840 de
1487 2793 1570 2841 modis

408 2874 557 2939 specialibus
572 2872 670 2922 essendi
685 2869 828 2937 hujusmodi
843 2870 1029 2920 influentiamm
1046 2869 1071 2918 in
1087 2871 1161 2920 rebus
1172 2870 1299 2937 inquibus
1311 2873 1489 2936 multiplicatae
1499 2883 1566 2924 sunt.

410 2960 534 3007 Octavum
543 2956 616 3016 [Pars
621 2955 654 3006 iv.
666 2962 692 3003 et
700 2955 783 3015 v.]est
791 2954 823 3002 de
830 2953 929 3002 actione
936 2961 962 3003 et
969 2951 1115 3003 alteratione
1124 2953 1231 3003 naturali
1238 2953 1265 3003 in
1273 2955 1417 3018 corporibus
1424 2955 1567 3016 inficienda,

409 3055 467 3089 cum
478 3038 553 3103 plena
564 3036 753 3100 investigatione
765 3035 842 3085 totius
853 3034 1006 3085 fortitudinis
1017 3041 1043 3084 et
1053 3034 1189 3084 debilitatis
1200 3042 1226 3086 et
1242 3036 1353 3086 omnium
1364 3038 1485 3101 graduum
1497 3037 1570 3087 istius

411 3118 524 3179 actionis,
537 3119 673 3168 secundum
684 3133 785 3166 omnem
796 3115 941 3166 varietatem
953 3117 1007 3182 ejus
1017 3132 1093 3181 penes
1101 3117 1180 3167 lineas
1190 3124 1271 3167 rectas
1282 3117 1371 3167 fractas
1382 3127 1406 3168 et
1416 3119 1529 3178 reflexas,
1543 3129 1569 3168 et

411 3217 488 3267 penes
503 3200 608 3266 angulos
625 3209 705 3249 metes
721 3207 747 3248 ct
764 3198 889 3264 obliquos,
908 3206 934 3248 et
956 3214 1033 3264 penes
1049 3199 1140 3262 figuras
1156 3199 1297 3264 sphaericus
1314 3209 1339 3249 et
1361 3200 1527 3264 pyramidales
1543 3210 1569 3250 et

410 3285 471 3334 alias
481 3283 507 3333 in
517 3282 609 3348 quibis
616 3281 682 3330 actio
693 3289 795 3330 naturae
806 3280 898 3345 pulcris
910 3280 991 3330 modis
999 3279 1115 3332 variatur.
1146 3283 1222 3331 Nono
1232 3281 1305 3343 [Pars
1313 3281 1360 3342 vi]
1370 3283 1401 3332 de
1413 3283 1570 3346 corruptione

409 3368 512 3417 istarum
524 3365 716 3416 influentiamm.
754 3364 787 3412 Et
805 3363 941 3429 capitulos
953 3369 981 3412 ut
998 3363 1078 3426 tangit
1094 3362 1234 3428 spirituales
1244 3365 1401 3414 substantias.

445 3450 530 3498 Bacon
551 3448 670 3512 proceeds
692 3455 718 3495 to
740 3445 841 3508 explain
863 3446 918 3494 that
944 3445 971 3494 in
994 3446 1036 3494 the
1058 3445 1227 3496 examination
1249 3445 1277 3494 ol
1301 3447 1371 3496 these
1393 3447 1501 3512 subjects
1523 3466 1568 3498 our

411 3530 533 3596 principal
550 3529 656 3580 reliance
672 3536 738 3577 must
755 3529 787 3577 be
803 3527 891 3592 placed
907 3543 941 3576 on
957 3527 1018 3576 such
1035 3527 1129 3576 writers
1145 3544 1172 3576 as
1184 3529 1306 3593 Ptolemy,
1319 3529 1440 3590 Alhazen,
1452 3528 1578 3589 Alkindi,

413 3612 515 3672 Tidma,
540 3612 590 3662 ancl
613 3611 696 3660 others
717 3608 776 3659 who
798 3609 861 3659 have
883 3608 983 3659 studied
1000 3608 1101 3673 Optical
1124 3609 1244 3670 Science3
1264 3611 1310 3659 but
1331 3610 1394 3660 little
1410 3610 1451 3660 aid
1473 3628 1518 3662 can
1536 3613 1569 3662 be

411 3696 530 3745 obtained
541 3695 604 3744 from
616 3693 744 3754 Aristotle,
758 3692 897 3751 Avicenna
910 3692 960 3742 and
971 3694 1102 3742 Averroes
1140 3694 1181 3742 He
1191 3692 1339 3742 continues:

447 3779 496 3828 Sed
513 3779 600 3840 haecs
618 3775 727 3840 capitula
744 3774 824 3839 prima
842 3790 932 3839 paucas
948 3775 1043 3824 habent
1060 3774 1175 3824 veritates
1194 3792 1239 3826 nec
1256 3775 1405 3839 principales
1421 3776 1487 3826 circa
1502 3777 1569 3826 hanc

412 3860 575 3922 influentiam,
600 3860 644 3908 sed
666 3856 857 3908 introductorias
873 3864 970 3906 tanturn
990 3857 1022 3906 ad
1045 3873 1075 3906 ea
1090 3873 1154 3921 quae
1171 3857 1339 3922 principaliter
1362 3859 1524 3924 requirantur,
1542 3869 1570 3910 ut

413 3951 481 4008 patet
503 3960 534 3993 ex
557 3942 620 3992 serie
642 3948 768 3991 tractatus.
805 3939 873 3990 Scire
896 3940 963 3989 enim
986 3940 1061 3988 debet
1084 3940 1263 4004 philosophans
1280 3939 1306 3990 in
1327 3942 1399 3992 rebus
1415 3942 1570 3993 naturalibus

411 4024 591 4090 cognoscendis
607 4024 674 4089 quod
697 4021 815 4072 naturalis
838 4021 1002 4086 philosophus
1024 4021 1074 4070 duo
1096 4020 1236 4072 considerat
1252 4023 1278 4072 in
1294 4023 1384 4088 quibus
1406 4030 1455 4073 stat
1472 4025 1571 4088 pondus

411 4115 436 4156 et
459 4114 569 4170 potestas
591 4104 709 4155 naturalis
732 4103 913 4167 philosophiae,
932 4102 1024 4152 scilicet
1045 4110 1140 4153 motum
1158 4105 1292 4154 secundum
1310 4105 1414 4154 formam
1431 4114 1455 4154 et
1472 4115 1568 4157 motum

412 4189 548 4238 secundum
570 4189 653 4238 locum
669 4187 813 4235 circularem
830 4194 856 4234 et
873 4194 976 4234 rectum.
1014 4186 1063 4234 Sed
1080 4194 1162 4235 motus
1179 4187 1314 4237 secundum
1337 4185 1441 4237 formam
1458 4204 1569 4252 compre·

412 4271 498 4322 hendit
514 4271 706 4334 generationem,
726 4266 918 4333 corruptionem,
938 4275 1106 4331 augmentum,
1120 4268 1319 4330 diminutionem,
1338 4278 1362 4318 et
1379 4269 1571 4329 alterationem3

413 4361 438 4401 ct
455 4369 505 4401 non
523 4360 604 4417 potest
621 4347 726 4414 intelligi
743 4365 788 4398 nec
805 4348 968 4398 demonstrari
985 4347 1038 4397 sine
1055 4349 1147 4408 multis,
1165 4367 1272 4415 quorum
1289 4367 1365 4401 unum
1382 4360 1418 4400 est
1441 4351 1571 4402 influentia

411 4433 538 4497 agentium
560 4431 709 4482 naturalium
726 4430 770 4495 qui
792 4429 885 4480 iaciunt
908 4430 954 4479 hos
977 4438 1059 4480 motus
1082 4446 1125 4494 per
1147 4447 1204 4481 suas
1226 4431 1374 4483 influentias.
1412 4434 1482 4483 Haec
1502 4436 1570 4484 enim

410 4515 540 4565 influentia
557 4531 607 4564 non
630 4520 711 4578 potest
729 4512 785 4561 sciri
802 4511 933 4561 causaliter
951 4509 997 4560 nisi
1015 4527 1058 4575 per
1075 4521 1187 4563 auctores
1204 4524 1347 4580 aspectuum
1365 4530 1420 4564 cum
1442 4516 1572 4578 adjutorio

414 4596 534 4646 Euclidis.
546 4594 688 4654 Theolosii,
701 4605 724 4642 et
736 4592 872 4658 Apollonii.
884 4602 907 4641 ct
917 4591 1066 4657 hujusmodi,
1081 4602 1106 4641 ut
1119 4610 1175 4657 pars
1187 4610 1301 4660 praesens
1315 4594 1442 4644 manifeste
1453 4597 1554 4647 docebit
1567 4619 1574 4659 ;
