3559 5442
578 680 632 741 CA
641 680 758 742 USAE
777 681 988 742 ERRORIS.
1325 697 1364 754 29

208 840 288 920 lum,
304 843 360 926 qui
376 853 527 927 respectu
544 863 623 906 suae
638 843 821 927 sapientiae
836 843 868 907 in
895 843 985 906 mille
1007 844 1203 908 tractatibus
1225 842 1366 907 diffusae

208 967 310 1011 unam
321 970 388 1013 non
400 948 488 1012 valet
498 947 669 1026 festucam,
682 947 856 1031 magnifice
868 948 1061 1011 extulerunt
1070 948 1091 1012 ¹.
1129 948 1218 1011 Nam
1230 948 1366 1031 Augus·

208 1054 298 1116 tinus
313 1052 384 1135 ipse
399 1052 568 1116 transtulit
583 1051 698 1116 illum²
713 1052 755 1116 de
772 1053 901 1116 Graeco
916 1052 949 1115 in
967 1053 1125 1116 Latinum
1143 1074 1203 1136 pro
1215 1052 1283 1115 lilio
1297 1073 1367 1128 su0,

209 1166 244 1218 et
259 1157 416 1239 exposuit
432 1156 615 1240 diligenter,
631 1156 705 1239 plus
722 1155 862 1220 laudans
878 1156 1095 1220 Aristotelem
1112 1156 1155 1220 de
1176 1157 1240 1220 hoc
1263 1156 1367 1220 nihilo

209 1279 312 1340 quarn
329 1280 390 1322 nos
406 1259 607 1323 extollamus
624 1259 723 1322 eum³
738 1280 798 1342 pro
814 1280 936 1342 magna
959 1269 1054 1342 parte
1075 1279 1155 1322 suae
1176 1260 1366 1343 sapientiae.

212 1363 379 1446 Quoniam
410 1363 443 1426 in
474 1363 638 1446 principio
668 1362 745 1426 illo⁴
775 1364 1120 1446 praedicamentorum
1151 1362 1241 1441 dicit,
1262 1364 1366 1430 ‘Cum

211 1467 321 1529 omnis
336 1467 475 1529 scientia
490 1475 524 1531 et
540 1465 715 1548 disciplina
730 1486 798 1529 non
815 1467 877 1529 nisi
901 1466 1053 1530 oratione
1073 1476 1241 1542 tractetur,
1257 1467 1367 1532 nullus

211 1575 335 1643 tamen,
357 1586 378 1628 0
400 1565 455 1640 lili,
470 1566 504 1629 in
527 1567 646 1647 quovis
669 1565 813 1648 genere⁶
836 1565 965 1649 pollens
988 1566 1142 1630 inventus
1164 1577 1224 1643 est,
1246 1567 1303 1649 qui
1324 1566 1368 1631 de

212 1669 314 1751 ipsius
340 1669 499 1732 orationis
525 1668 626 1733 vellet
655 1668 783 1751 origine
809 1669 1013 1752 principiove
1039 1678 1188 1732 tractare.
1239 1669 1367 1735 Idcirco

213 1772 364 1835 miranda
378 1781 428 1836 est
444 1773 617 1855 diligentia
635 1772 824 1836 ArIstotelis
840 1772 1039 1856 philosophi,
1054 1775 1111 1855 qui
1127 1774 1310 1838 disserendi
1326 1775 1368 1839 de
1381 1778 1464 1843 Again
1475 1794 1491 1826 ²
1502 1786 1571 1841 great

212 1876 367 1940 omnibus
383 1876 523 1960 cupidus
539 1877 582 1940 ab
598 1877 701 1960 ipsius
717 1877 805 1960 cepit
820 1877 978 1941 examine
993 1897 1095 1959 quam
1111 1878 1210 1940 sciret
1225 1887 1259 1942 et
1275 1900 1368 1962 prae·
1381 1844 1499 1974 paratgii
1511 1844 1561 1891 tear

211 1982 399 2044 termissam
415 2003 435 2044 a
450 1982 579 2044 cunctis
594 1992 628 2044 et
643 1980 799 2046 omnibus
814 1981 1053 2044 necessariam!
1098 1981 1144 2044 Et
1157 1982 1189 2046 in
1202 1981 1268 2046 fine
1279 1984 1371 2062 dicit,

211 2085 328 2147 ‘Haec
355 2095 442 2160 sunt,
464 2084 509 2147 fili
532 2086 709 2161 carissime,
724 2105 810 2166 quae
831 2084 902 2167 jugi
926 2084 1038 2147 labore
1056 2086 1199 2149 assecuti
1216 2087 1259 2149 ad
1283 2088 1370 2150 utili-

211 2192 316 2248 tatem
332 2193 425 2248 tuam
441 2185 483 2248 de
500 2185 628 2249 Graeco
643 2186 678 2248 in
695 2184 853 2249 Latinum
868 2186 1037 2261 vertimus,
1053 2185 1177 2248 scilicet
1192 2196 1229 2249 ut
1252 2208 1296 2250 ex
1319 2188 1370 2251 his

213 2309 347 2370 quoque
363 2288 485 2353 bonam
513 2289 641 2371 frugem
667 2288 768 2352 studii
790 2310 810 2352 a
834 2289 929 2352 nobis
946 2289 1081 2372 perfecti
1104 2290 1281 2373 suscipias!
1325 2292 1371 2355 Et

214 2392 380 2456 Alcuinus
396 2395 438 2456 de
453 2392 700 2476 expositoribus
716 2413 830 2456 sacrae
845 2393 1026 2477 scripturae
1048 2413 1144 2469 unus,
1157 2402 1191 2456 et
1214 2395 1372 2478 magister

213 2494 328 2574 magni
344 2492 462 2570 Caroli,
474 2493 563 2556 illam
579 2492 830 2557 translationem
844 2493 1028 2575 Augustini
1039 2495 1082 2557 de
1094 2494 1372 2576 praedicamentis

213 2597 295 2660 mire
310 2595 467 2674 laudavit,
481 2605 515 2659 et
531 2597 668 2660 metrico
683 2595 822 2679 prologo
837 2594 1007 2660 decoravit
1021 2596 1084 2660 sub
1099 2597 1151 2661 his
1165 2597 1283 2663 verbis.

415 2745 542 2800 Continet
554 2745 604 2801 iste
614 2746 712 2801 decem
725 2755 837 2800 naturae
850 2747 935 2800 verba
945 2744 1060 2812 libellus,

416 2834 494 2901 Quae
503 2835 562 2905 jam
574 2835 658 2888 verba
670 2843 765 2888 tenent
778 2851 870 2888 rerum
883 2833 987 2888 ratione
999 2834 1136 2903 stupenda

416 2921 508 2975 Omne
520 2921 597 2991 quod
609 2921 636 2975 in
649 2933 774 2975 nostrum
786 2919 884 2990 poterit
898 2921 1043 2974 decurrere
1056 2938 1177 2976 sensum.

414 3008 469 3074 Qui
481 3007 549 3077 legit
562 3007 703 3077 ingenium
715 3018 840 3062 veterum
850 3007 973 3061 mirabile
984 3008 1085 3075 laudet,

414 3098 506 3166 Atque
519 3113 600 3150 suum
611 3096 720 3150 studeat
731 3095 777 3150 tali
787 3112 914 3149 exercere
926 3095 1027 3149 labore.

416 3185 500 3240 Nunc
512 3183 668 3252 Augustino
680 3182 780 3253 placuit
792 3183 940 3236 transferre
952 3182 1085 3251 magistro

416 3273 460 3326 De
472 3281 597 3326 veterum
606 3270 679 3339 gazis
692 3272 863 3326 Graecorum
876 3271 953 3325 clave
967 3271 1072 3337 Latina,

417 3359 508 3426 Quem
520 3357 576 3426 tibi,
590 3376 636 3412 rex
647 3375 757 3426 magne,
770 3357 882 3428 sophiae
896 3367 1022 3426 sectator,
1034 3368 1150 3427 amator,

418 3448 537 3501 Munere
548 3445 594 3516 qui
607 3445 652 3500 tali
665 3445 769 3514 gaudes
783 3446 884 3499 modo⁶
896 3445 973 3499 mitto
986 3447 1143 3514 legendum

260 3585 397 3648 Boetius
409 3584 544 3666 quidem
555 3583 567 3622 ⁷
579 3585 677 3667 longe
692 3584 754 3647 fuit
766 3594 841 3667 post
857 3593 991 3647 sanctos
1007 3583 1168 3663 doctores,
1180 3587 1236 3669 qui
1248 3589 1375 3670 primus

217 3690 342 3773 incepit
357 3689 457 3752 libros
469 3688 660 3752 Aristotelis
677 3687 786 3771 plures
802 3687 987 3753 transferre.
1025 3689 1070 3751 Et
1087 3689 1158 3771 ipse
1169 3691 1281 3774 aliqua
1293 3693 1375 3776 logi·

217 3793 302 3856 calia
317 3803 351 3856 et
367 3813 473 3875 pauca
488 3791 651 3854 naturalia
669 3802 703 3854 et
721 3790 847 3873 aliquid
866 3790 910 3853 de
927 3791 1247 3874 Metaphysicalibus
1269 3804 1375 3860 trans-

217 3898 310 3961 tulit8
322 3899 354 3960 in
366 3897 534 3961 Latinum.
566 3896 636 3958 Nec
647 3895 755 3958 adhuc
769 3895 983 3958 medietatem
994 3916 1055 3958 nec
1065 3906 1193 3979 partem
1205 3900 1373 3964 meliorem

218 4001 388 4064 habemus
435 4000 523 4063 Nam
554 3998 753 4062 Aristoteles
784 3997 920 4080 quidem
952 3998 1013 4061 iuit
1036 4000 1093 4062 diu
1115 3999 1249 4082 ignotus
1272 4003 1373 4066 etiam
1478 3991 1481 3994 ⁴

218 4103 539 4189 philosophantibus,
554 4102 696 4166 nedum⁹
712 4101 791 4179 aliis,
804 4112 838 4164 et
855 4101 957 4184 vulgo
975 4102 1170 4166 Latinorum
1181 4103 1214 4169 ¹⁰.
1259 4107 1376 4171 Caete-

249 4282 260 4314 1
277 4282 309 4335 Ο.
324 4299 374 4333 om.
389 4282 706 4332 Caeterum-extulerunt.
742 4280 767 4328 A
779 4279 826 4330 lew
838 4279 921 4329 words
932 4279 961 4329 ol
968 4279 988 4329 it
998 4296 1045 4330 can
1057 4281 1088 4330 be
1099 4282 1159 4330 read
1171 4281 1197 4332 in
1206 4282 1231 4348 J.

250 4363 261 4396 ²
275 4365 310 4429 J.,
324 4363 414 4429 ipsum.
450 4363 493 4423 0.,
507 4363 597 4413 librum
609 4361 876 4427 praedicamentorum.

250 4445 261 4478 ³
275 4449 299 4512 J.
314 4446 389 4497 omits
400 4461 465 4496 eum.
964 4440 976 4472 ⁴
989 4442 1025 4507 J.,
1037 4442 1144 4494 illorum.

250 4528 261 4560 ⁶
276 4531 300 4594 J.
314 4529 359 4587 0.,
369 4528 395 4577 in
406 4527 495 4592 quovis
504 4543 596 4592 genere
605 4526 710 4592 pollens.
741 4527 771 4576 V.
785 4542 834 4576 orn.
846 4540 945 4591 genere.
964 4522 975 4555 ⁸
991 4526 1033 4586 V.,
1046 4541 1106 4587 non,
1114 4533 1164 4588 pro
1173 4528 1259 4580 modo.

250 4611 262 4644 ⁷
276 4613 312 4676 J.,
324 4610 427 4676 quidem
439 4609 485 4658 luit
502 4646 508 4660 .
528 4646 535 4661 .
555 4646 562 4662 .
959 4604 971 4637 ⁸
987 4607 1031 4670 0.,
1040 4624 1120 4672 pauor
1131 4609 1163 4658 de
1174 4609 1229 4660 aliis
1240 4616 1373 4667 transtulit.

250 4692 314 4757 ⁹V.,
329 4692 449 4743 nondum.
881 4687 902 4724 ¹⁰
918 4689 950 4740 Ο.
964 4705 1013 4739 om.
1029 4690 1204 4757 Nam—rulgo
1216 4694 1372 4752 Latinorum.
