3559 5442
578 679 758 739 CAUSAE
777 679 988 741 ERRORIS.
1328 699 1364 756 19

210 839 393 904 certissima
408 861 428 903 a
444 841 539 904 nobis
554 841 713 923 perhanc
728 842 816 904 viam
833 851 866 905 et
882 842 926 904 ab
941 841 1014 906 aliis
1029 834 1232 925 relegamus*
1269 843 1366 906 Haec

210 965 289 1007 vero
316 944 418 1026 pestis
442 952 572 1027 praeter
594 944 754 1009 malitiam
782 944 971 1008 absolutam
997 964 1098 1028 quam
1124 946 1225 1010 habet
1250 947 1367 1029 recipit

211 1046 382 1110 cumulum
399 1067 478 1110 suae
489 1048 661 1130 pravitatis
676 1048 710 1110 in
726 1063 766 1111 eo
781 1049 872 1130 quod
888 1058 939 1112 est
951 1048 1026 1112 fons
1040 1059 1074 1112 et
1085 1050 1178 1131 origo
1192 1070 1366 1112 causarum

213 1152 313 1214 trium
337 1152 591 1234 praedictarum.
656 1152 744 1215 Nam
768 1161 903 1236 propter
925 1152 1031 1216 zelum
1060 1153 1225 1217 nimium¹
1251 1174 1368 1216 sensus

214 1255 337 1338 proprii
375 1264 409 1318 et
438 1256 623 1320 excusandi
653 1256 875 1338 ignorantiam
913 1258 1028 1320 statim
1063 1258 1216 1320 exoritur
1245 1256 1368 1339 fragilis

215 1359 420 1422 auctoritatis
436 1360 671 1443 praesumptio,
686 1381 753 1442 qua
777 1361 913 1424 nitimur
935 1362 1068 1444 propria
1085 1361 1252 1424 extollere
1272 1370 1307 1423 et
1323 1380 1370 1422 re·

217 1461 420 1546 prehendere
442 1462 558 1526 ahena.
616 1462 748 1526 Deinde
770 1484 846 1526 cum
870 1464 980 1527 omnis
1006 1465 1108 1526 homo
1130 1463 1248 1546 diligat
1269 1484 1371 1546 opera

218 1587 286 1644 sua,
315 1576 353 1634 ut
382 1565 463 1629 dicit
493 1566 701 1643 Aristoteles
731 1577 844 1631 nostra
874 1567 1015 1630 libenter
1043 1568 1206 1631 trahimus
1231 1568 1264 1630 in
1291 1554 1370 1630 con-⁸

219 1669 437 1734 suetudinem.
488 1669 632 1732 Etcum
656 1690 756 1733 nemo
778 1670 841 1733 sibi
863 1670 923 1732 soli
946 1678 1042 1747 errat,
1062 1670 1122 1734 sed
1144 1667 1373 1734 dementiam2

219 1794 312 1836 suam
342 1793 499 1856 spargere
528 1773 653 1854 gaudet
682 1774 715 1836 in
747 1774 929 1856 proximos,
954 1784 991 1836 ut
1021 1774 1101 1837 dicit
1131 1774 1260 1838 Seneca
1289 1772 1372 1835 libro

219 1875 438 1940 secundarum
451 1876 676 1959 epistolarum,
687 1876 830 1939 nostris³
845 1877 1137 1941 adinventionibus
1147 1878 1160 1916 4
1170 1897 1375 1960 occupamus

220 1981 311 2057 alios
330 1989 365 2044 et
387 2000 444 2042 eas
466 1981 500 2043 in
522 1979 664 2062 vulgus⁵
685 1989 850 2062 quantum
873 2000 1051 2063 possumus
1073 1980 1262 2045 dilatamus.
1307 1981 1374 2042 Ne-

220 2105 311 2147 cesse
333 2104 411 2148 vero
433 2093 484 2146 est
506 2104 622 2146 causas
652 2084 853 2147 universales
883 2086 944 2146 has
974 2085 1152 2166 praemitti,
1178 2086 1221 2148 ad
1253 2084 1315 2146 hoc
1339 2093 1376 2147 ut

222 2209 310 2251 error
331 2188 455 2250 vitetur
476 2197 510 2250 et
532 2189 653 2251 veritas
675 2186 864 2250 relucescat.
912 2188 1000 2250 Nam
1024 2188 1058 2250 in
1082 2187 1198 2251 morbo
1213 2187 1375 2270 spirituali

222 2291 332 2356 evenit
358 2291 444 2354 sicut
470 2291 503 2354 in
532 2291 648 2354 morbo
674 2291 856 2373 corporali;
886 2290 1031 2354 medici⁶
1059 2312 1118 2374 per
1141 2292 1237 2374 signa
1258 2308 1378 2354 causas

222 2395 371 2479 proprias
397 2405 432 2458 et
461 2394 676 2477 particulares
701 2394 807 2456 morbi
833 2393 1082 2476 cognoscunt⁷;
1112 2394 1171 2457 sed
1198 2405 1268 2458 tam
1295 2393 1378 2456 haec

223 2521 323 2582 quam
354 2499 427 2562 illas
456 2499 626 2582 praecedit
659 2519 833 2561 causarum
868 2497 1102 2561 universalium
1137 2500 1265 2575 notitia,
1294 2519 1378 2580 quas

222 2602 432 2667 actionibus8
447 2601 647 2666 naturalium
665 2601 813 2664 medicus
834 2602 936 2665 habet
955 2603 1055 2680 scire;
1077 2602 1155 2684 quia
1170 2603 1252 2665 dicit
1268 2601 1379 2665 Philo·

224 2708 349 2791 sophus
368 2707 451 2770 libro
475 2705 516 2769 de
540 2705 648 2771 Sensu
671 2716 705 2770 et
728 2706 880 2783 Sensat0‚
895 2706 952 2769 ubi
974 2707 1197 2769 terminantur
1218 2706 1380 2789 principia

224 2810 383 2876 naturalis
396 2809 625 2894 philosophiae
636 2810 798 2892 incipiunt
814 2809 976 2892 principia
992 2810 1184 2872 medicinae.
1220 2808 1381 2873 Similiter

224 2915 326 2998 igitur
341 2914 374 2976 in
391 2934 469 2977 cura
485 2914 692 2996 ignorantiae
712 2922 745 2976 et
768 2913 895 2990 erroris,
911 2922 948 2976 ut
963 2911 1084 2976 veritas
1098 2931 1180 2974 sana
1196 2911 1381 2986 inducatur,

225 3028 303 3082 ante
333 3017 436 3101 ipsius
466 3017 626 3100 propositi
656 3015 898 3079 exhibitionem
929 3014 1106 3097 requiritur
1140 3024 1177 3078 ut
1213 3014 1309 3097 signa
1346 3025 1381 3076 et

224 3142 344 3186 causae
360 3119 574 3204 particulares
589 3118 827 3197 ostendantur;
850 3119 909 3182 sed
930 3139 1010 3202 prae
1027 3118 1184 3181 omnibus
1199 3119 1382 3200 exiguntur

135 3282 137 3286 .
225 3246 345 3290 causae
370 3224 581 3300 universales,
603 3224 675 3287 sine
697 3224 818 3306 quibus
841 3244 902 3286 nec
924 3223 1020 3305 signa
1042 3221 1168 3305 aliquid
1191 3222 1383 3298 ostendunt,

226 3351 286 3394 nec
310 3349 431 3392 causae
455 3324 933 3412 particularesdemonstrant.
991 3326 1081 3389 Nata
1102 3326 1191 3389 enim
1215 3326 1310 3389 nobis
1330 3339 1382 3388 est

226 3435 279 3497 via
300 3432 525 3516 cognoscendi
547 3430 591 3493 ab
614 3430 853 3494 universalibus
879 3429 923 3493 ad
950 3429 1169 3513 particularia,
1195 3431 1280 3492 sicut
1302 3429 1383 3492 dicit

227 3537 449 3620 Philosophus
472 3535 505 3598 in
528 3533 711 3618 principio⁹
734 3535 962 3616 Physicorum.
1012 3533 1100 3596 Nam
1117 3526 1278 3615 ignoratis
1287 3553 1383 3595 com-

227 3640 384 3705 munibus
398 3640 594 3722 ignorantur
608 3657 694 3720 quae
709 3647 785 3721 post
800 3637 992 3700 communia
1006 3635 1243 3718 relinquuntur.

273 3745 368 3808 Haec
394 3753 507 3806 autem
534 3751 653 3824 quarta
679 3740 814 3805 causa1⁰
840 3741 984 3804 multum
1007 3741 1148 3804 invaluit
1169 3739 1213 3802 ab
1235 3739 1383 3820 antiqu0,

228 3849 314 3913 sicut
337 3867 425 3911 nunc
452 3844 604 3928 improba
630 3845 804 3920 invenitur,
828 3843 919 3926 quod
949 3844 983 3906 in
1014 3843 1211 3925 theologicis
1236 3843 1322 3905 sicut
1349 3843 1383 3904 in

228 3948 632 4038 philosophiamanilesto
648 3968 707 4031 per
720 3948 963 4031 experientiam
979 3956 1013 4010 et
1032 3945 1200 4029 exempla.
1246 3945 1384 4026 Moyses

258 4101 268 4135 ¹
283 4103 319 4168 J.‚
332 4102 471 4152 minimum.
502 4099 535 4150 Ο.
548 4099 579 4150 V.
584 4137 591 4161 ,
604 4098 717 4160 nimium.

260 4184 271 4218 ²
284 4188 308 4251 J.
322 4185 355 4236 V.
369 4184 413 4244 0.,
427 4182 597 4242 sententium
614 4181 718 4244 Seneca,
731 4180 892 4230 dementiam.
942 4176 953 4210 ⁸
968 4178 1004 4244 J.,
1017 4184 1043 4229 et
1054 4178 1153 4228 nostris.

260 4266 271 4299 ⁴
285 4269 310 4333 J.
325 4267 369 4327 0.,
381 4263 611 4316 adinventionibus.
651 4262 682 4312 V.
687 4299 695 4324 ,
706 4261 903 4313 adulationibus.

262 4349 273 4381 ¹⁵
287 4351 311 4416 J.
325 4349 369 4410 O.,
381 4349 492 4412 vulgum.
934 4339 945 4372 ⁶
959 4342 984 4406 J.
999 4342 1042 4403 O.,
1055 4339 1147 4391 medici
1159 4339 1234 4392 enim.

262 4431 273 4465 ⁷
287 4432 311 4496 J.
326 4431 369 4492 O.,
383 4433 547 4494 cognoscunt,
559 4427 603 4486 V.,
617 4432 778 4490 cognoscant.
935 4421 946 4454 ⁸
963 4423 1005 4484 O.,
1016 4421 1215 4473 acommuuibus
1226 4421 1384 4474 naturalium.

262 4512 322 4578 ¹³J.,
336 4511 424 4578 primo.
456 4509 488 4560 Ο.
502 4509 545 4569 V.,
559 4507 689 4573 principio.
1356 4551 1359 4555 ἵ

253 4594 274 4626 1⁰
288 4595 324 4661 J.,
337 4610 396 4644 nam
410 4591 665 4655 haeccausaquarta.
701 4588 745 4650 O.,
760 4590 832 4638 Haec
842 4597 934 4638 autem.
970 4587 1002 4638 V.
1017 4584 1163 4650 (beginning
1179 4584 1245 4635 fresh
1262 4584 1386 4652 chapter),

230 4677 385 4730 Lecautem.
