3559 5442
384 669 420 710 22
611 649 778 715 OPERIS
795 650 997 730 MAJORIS
1012 650 1133 711 PARS
1149 653 1309 712 PRIMA.

382 811 609 875 Antichristus
636 812 767 894 et'ejus
790 823 974 896 appareant
996 816 1233 897 praecursores
1290 814 1378 877 Nam
1405 807 1538 898 semper

383 916 515 978 bonitas
542 917 606 980 Dei
630 926 681 980 est
703 926 819 1000 parata
841 918 1024 1001 sapientiae
1054 918 1449 1001 donumaugumentare
1478 940 1538 1002 per

383 1019 624 1102 subsequentes
654 1030 688 1084 et
715 1020 989 1108 subsequentium
1016 1023 1201 1087 sententias
1226 1023 1260 1085 in
1284 1022 1403 1086 melius
1433 1031 1539 1085 trans-

384 1125 535 1188 formare.

819 1321 1046 1387 cunmmn
1070 1322 1112 1385 X.

409 1473 606 1550 ¹Caeterum
633 1473 701 1537 duo
727 1483 805 1538 sunt
831 1474 884 1538 hic
911 1475 1130 1553 discutienda,
1154 1475 1278 1541 scilicet
1305 1484 1540 1560 praesumptae

385 1577 543 1641 scientiae
552 1571 780 1655 Ostentati0,et
792 1580 966 1642 excusatio
976 1579 1183 1663 ignorantiae
1192 1579 1379 1647 infrunita1.
1402 1581 1542 1663 Propter

386 1684 529 1767 primum
548 1682 709 1745 debemus
725 1682 895 1746 advertere
912 1683 1096 1766 diligenter,
1112 1684 1202 1767 quod
1218 1705 1294 1747 cum
1311 1683 1459 1747 infinitae
1475 1684 1541 1746 sint

386 1787 541 1867 veritates
558 1785 622 1848 Dei
638 1794 672 1848 et
687 1796 920 1866 creaturarum,
934 1797 1035 1869 atque
1050 1788 1083 1851 in
1102 1788 1250 1870 qualibet
1272 1788 1339 1851 sint
1353 1786 1477 1870 gradus
1492 1787 1542 1849 in-

387 1887 615 1967 numerabiles,
627 1899 759 1972 oportet
770 1890 861 1972 quod
877 1912 984 1974 pauca
996 1892 1174 1955 sciantura
1189 1891 1346 1974 quolibet,
1358 1901 1392 1955 et
1406 1891 1484 1954 ideo
1499 1889 1542 1953 de

387 1993 601 2056 multitudine
623 1994 779 2057 scitorum
803 2015 869 2058 non
893 2003 1025 2078 oportet
1048 1995 1192 2078 aliquem
1214 1995 1355 2078 gloriari.
1400 1995 1541 2058 Etcum

387 2096 574 2161 intellectus
598 2106 709 2160 noster
732 2097 892 2161 sehabet
918 2099 961 2162 ad
985 2099 1145 2177 maxima,
1166 2100 1251 2162 sicut
1274 2099 1389 2162 oculus
1410 2119 1542 2182 vesper-

387 2196 512 2266 tilionis
527 2202 569 2266 ad
594 2201 724 2265 lucem²
740 2203 827 2278 solis,
842 2214 880 2267 ut
898 2205 989 2288 prius
1007 2207 1191 2268 secundum
1209 2203 1449 2287 Philosophum
1464 2203 1542 2265 alle-

388 2315 504 2389 gatum
529 2315 588 2382 est,
603 2315 734 2390 oportet
757 2307 847 2389 quod
872 2309 938 2372 sint
953 2308 1082 2392 pauca3
1097 2328 1183 2390 quae
1197 2309 1357 2370 veraciter
1375 2307 1519 2370 sciamus
1534 2328 1542 2384 3

388 2401 466 2472 nam
491 2430 551 2493 pro
566 2419 656 2474 certo
679 2409 757 2472 ubi4
773 2410 959 2474 intellectus
982 2422 1095 2475 noster
1118 2411 1160 2474 de
1176 2411 1263 2474 facili
1280 2409 1544 2494 comprehendat

388 2513 469 2577 illud
485 2513 582 2577 valde
599 2514 768 2578 modicum
784 2525 835 2578 est
850 2524 884 2578 et
899 2516 973 2591 vile,
986 2526 1020 2579 et
1036 2524 1162 2599 quanto
1178 2537 1254 2579 curn
1272 2514 1389 2598 majori
1404 2514 1544 2579 difficul-

388 2628 458 2682 tate
481 2618 644 2700 intelligit,
660 2628 755 2682 tanto
771 2629 821 2682 est
837 2620 981 2682 nobilius
997 2619 1088 2703 quod
1104 2620 1292 2702 acquiritur.
1346 2618 1414 2684 Sed
1431 2628 1544 2682 tamen

389 2743 489 2785 omne
505 2722 586 2785 illud
602 2743 702 2805 super
717 2722 807 2805 quod
823 2733 935 2806 potest
950 2724 1139 2787 intellectus
1155 2733 1266 2786 noster
1282 2732 1320 2785 ut
1331 2722 1496 2805 intelligat
1511 2733 1546 2785 et

390 2828 481 2905 sciat,
496 2835 629 2910 oportet
650 2829 740 2909 quod
765 2827 808 2890 sit
823 2827 998 2910 indignum
1022 2836 1173 2911 respectu
1196 2847 1321 2899 eorum,
1335 2826 1378 2889 ad
1402 2847 1489 2909 quae
1511 2827 1544 2889 in

390 2931 552 3015 principio
568 2930 733 2994 credenda
749 2951 808 2994 sua
824 2930 996 2995 debilitate
1011 2930 1178 3015 obligatur
1187 2930 1208 3008 ⁵,
1220 2931 1304 2994 sieut
1321 2940 1399 2994 sunt
1414 2931 1547 2994 divinae

390 3035 546 3098 ueritates
562 3044 596 3098 et
612 3033 718 3097 multa
733 3043 873 3097 naturae
888 3044 922 3098 et
937 3035 1017 3097 artis
1033 3034 1233 3118 complentis
1245 3043 1399 3097 naturam
1412 3044 1548 3105 secreta,

391 3138 577 3221 dequibus
600 3137 690 3200 nulla
714 3138 797 3200 ratio
820 3139 968 3202 humana
991 3138 1062 3201 dari
1085 3147 1197 3222 potest
1219 3139 1252 3201 in
1277 3137 1461 3220 principio;
1488 3140 1547 3200 sed

392 3250 525 3326 oportet
540 3240 630 3323 quod
647 3261 706 3323 per
728 3241 970 3325 experientiam
986 3241 1239 3305 illuminationis
1258 3241 1421 3304 interi0ris
1437 3262 1457 3303 a
1473 3241 1548 3304 Deo

393 3346 529 3428 recipiat
557 3344 772 3421 intellectum,
798 3345 924 3408 scilicet
954 3347 987 3408 in
1014 3346 1116 3408 sacris
1139 3345 1334 3408 veritatibus
1357 3345 1485 3427 gratiae
1515 3355 1550 3407 et

393 3449 527 3532 gloriae,
542 3457 576 3511 et
600 3469 658 3532 per
682 3449 924 3532 experientiam
944 3449 1133 3512 sensibilem
1152 3450 1187 3512 in
1210 3447 1338 3514 arcanis
1362 3458 1500 3511 naturae
1516 3458 1550 3512 et

395 3540 474 3618 artis
490 3552 745 3636 expergefactus
761 3553 909 3616 inveniat
925 3554 1097 3616 rationem.

440 3658 485 3720 Et
511 3656 620 3721 adhuc
647 3658 775 3721 minora
801 3667 881 3720 sunt
907 3657 1006 3740 longe
1029 3678 1116 3739 quae
1139 3657 1304 3720 credimus
1332 3677 1434 3738 quarn
1464 3676 1552 3738 quae

396 3762 599 3842 ignoramus
617 3761 702 3823 sicut
726 3769 805 3823 sunt
829 3752 961 3824 secreta
984 3761 1049 3824 Dei
1072 3770 1106 3824 et
1129 3781 1251 3823 arcana
1273 3761 1362 3823 vitae
1388 3768 1553 3836 aeternae,

397 3882 490 3948 ¹quae
513 3873 683 3946 utcunque
710 3864 792 3928 vidit
823 3864 996 3947 apostolus
1026 3864 1068 3928 ad
1100 3865 1235 3928 tertium
1261 3864 1396 3929 ,coelum
1427 3872 1554 3946 raptus,

396 3970 547 4033 nesciens
564 3979 674 4031 utrum
691 3967 724 4030 in
741 3989 877 4052 corpore
893 3968 945 4032 vel
959 3977 1059 4034 extra
1082 3990 1212 4052 corpus,
1234 3988 1320 4050 quae
1348 3976 1443 4031 tanta
1465 3978 1556 4043 sunt,

397 4082 435 4137 ut
461 4093 529 4136 non
554 4071 650 4135 liceat
677 4072 803 4136 homini
830 4072 920 4155 loqui
948 4072 990 4136 de
1017 4072 1088 4135 illis.
1146 4072 1192 4135 Et
1219 4072 1370 4134 similiter
1395 4071 1429 4134 in
1456 4071 1555 4133 rebus

397 4175 530 4255 'creatis;
547 4197 625 4239 nam
636 4174 680 4238 ob
691 4196 848 4259 magnam
859 4177 962 4240 nostri
972 4175 1158 4240 intellectus
1168 4174 1398 4238 difficultatem
1408 4173 1557 4238 certum⁰

430 4328 479 4393 1J.
493 4329 536 4390 0.,
550 4327 676 4379 infrunita.
712 4329 755 4390 V„
777 4328 883 4380 infinita.
1031 4325 1104 4389 ⁹0„
1117 4328 1209 4378 lumen.
1307 4379 1309 4384 ,

400 4461 403 4470 ,
430 4409 479 4476 ³J.
493 4411 634 4476 O.,parva.
1028 4408 1076 4474 ⁴J.
1091 4409 1326 4471 0.,ubi.v.,nisi.
1433 4454 1436 4461 .

431 4493 492 4558 ⁶J.,
505 4493 635 4558 obligatur.
669 4493 713 4554 V.,
725 4499 783 4543 sunt
794 4493 924 4544 debilitate
941 4492 1086 4558 obligatum.
1122 4493 1178 4543 The
1195 4492 1299 4558 reading
1314 4491 1558 4543 inthetextisthat

400 4578 429 4629 of
438 4577 469 4631 Ο.
483 4575 544 4624 with
556 4574 638 4625 which
647 4574 671 4638 J.
684 4591 712 4624 as
723 4575 760 4628 far
770 4591 798 4628 as
809 4576 828 4626 it
840 4576 860 4628 is
871 4575 1048 4642 decipherable
1058 4590 1161 4640 agrees..

435 4657 446 4692 ⁶
463 4658 494 4709 Ο.
507 4673 557 4707 om.
570 4662 665 4707 certum
676 4663 721 4708 est.
