3559 5442
268 663 614 740 annosorum
638 677 743 738 CUM
760 675 1027 737 Taaoroonr
1048 675 1301 735 AFFJNJTAS.
1333 691 1369 752 57

217 841 386 924 emptione
409 848 442 902 et
457 838 649 903 venditione
671 839 761 922 apud
778 838 953 902 Abraham
976 859 1036 922 pro
1058 836 1217 921 spelunca
1239 836 1373 921 duplici,

217 954 250 1007 ct
273 944 315 1008 de
330 943 579 1007 circumcisione
602 953 635 1007 et
657 942 850 1024 hujusmodi
860 941 880 1019 ¹,
904 951 1005 1024 atque
1031 942 1191 1004 sanctitas
1214 940 1374 1004 Abrahae

215 1058 251 1111 et
273 1057 405 1131 patrum
429 1068 563 1110 suorum
585 1047 675 1130 leges
698 1047 854 1111 honestas
876 1054 911 1108 et
933 1066 1042 1109 sacras
1057 1044 1189 1120 vivendi
1205 1043 1375 1108 concludit

217 1153 317 1216 fuisse
344 1152 387 1215 ab
413 1151 460 1214 eis
486 1149 656 1214 edoctas².'
699 1151 744 1214 Et
770 1171 846 1214 cum
870 1150 981 1213 minus
1007 1150 1105 1213 utiles
1126 1149 1281 1212 scientias
1304 1169 1375 1231 per-

218 1255 375 1329 lecerunt,
401 1276 469 1318 non
496 1254 611 1319 debuit
639 1265 809 1318 tantorum
834 1254 979 1318 virorum
1006 1254 1171 1337 sapientia
1199 1252 1373 1316 scientiam

218 1379 348 1423 morum
379 1359 589 1422 utilissimam
620 1359 795 1441 negligere.
853 1357 986 1421 Deinde
1015 1358 1142 1440 primus
1172 1358 1258 1420 inter
1287 1356 1375 1418 viros

217 1462 315 1526 titulo
339 1463 473 1544 majoris
495 1463 679 1545 sapientiae
702 1462 903 1544 insignitus¹
925 1462 987 1525 suit
1010 1461 1226 1524 Prometheus
1235 1460 1257 1536 ⁴,
1272 1480 1373 1542 quem

217 1577 336 1650 poetae
349 1567 458 1630 ferunt
468 1569 510 1630 de
520 1565 590 1629 luto
601 1566 761 1630 formasse
772 1566 934 1644 homines,
944 1566 1022 1647 quia
1032 1566 1179 1648 optimus
1191 1564 1375 1647 sapientiae

216 1669 352 1733 doct0r⁸
368 1670 468 1733 fuisse
484 1670 682 1752 perhibetur,
698 1678 735 1732 ut
751 1669 964 1751 Augustinus
979 1668 1061 1732 dicit
1076 1669 1224 1732 decimo⁶
1238 1665 1375 1731 octavo¹

216 1773 259 1836 de
269 1773 412 1838 Civitate
426 1774 497 1836 Dei.
530 1772 633 1855 Cujus
646 1772 754 1851 frater,
763 1782 800 1835 ut
812 1772 900 1836 idem
914 1773 960 1835 ait
971 1773 1192 1854 Augustinus,
1203 1772 1265 1835 luit
1276 1771 1375 1834 Atlas

217 1898 359 1959 magnus
385 1876 592 1959 astrologus3
623 1877 713 1943 unde
737 1877 955 1952 occasionem,
978 1885 1015 1938 ut
1039 1877 1251 1959 Augustinus
1267 1874 1375 1950 refert,

216 1978 1375 2064 sabula⁶invenituteumportarecoelumconfingeret¹,quamvismons

215 2087 287 2166 ejus
303 2085 438 2148 nomine
454 2094 672 2168 nuncupetur,
688 2084 782 2165 cujus
798 2083 976 2147 altitudine
991 2085 1102 2167 potius
1124 2083 1206 2146 coeli
1229 2082 1375 2166 portatio

216 2189 248 2251 in
270 2189 463 2271 opinionem
485 2187 598 2270 vulgi8
620 2189 750 2252 venisse
765 2187 925 2266 videatur,
941 2189 998 2269 qui
1014 2188 1047 2250 in
1063 2186 1375 2250 extremis'Alricae

216 2293 389 2356 maritimis
421 2313 524 2375 prope
548 2292 660 2356 Gades
694 2291 848 2355 Herculis
880 2292 1044 2354 attollitur
1064 2292 1156 2355 velut
1178 2292 1212 2354 in
1234 2290 1373 2354 coelum.

216 2397 283 2462 Sed
308 2397 433 2481 priores
456 2396 588 2460 luerunt
612 2396 669 2460 filii
694 2397 767 2459 Noe
790 2405 824 2460 et
847 2395 1021 2459 Abraham
1043 2396 1100 2478 qui
1122 2396 1255 2459 fuerunt
1277 2396 1374 2478 periti

215 2501 407 2576 astronomi,
436 2509 473 2563 ut
505 2501 672 2584 Josephus
699 2509 819 2577 narrat,
850 2509 883 2563 et
917 2499 1063 2562 Isidorus
1093 2499 1178 2562 libro
1203 2500 1311 2577 terti0,
1340 2508 1375 2561 et

216 2606 371 2670 Clemens
402 2604 485 2667 libro
512 2605 628 2689 prim0,
651 2603 739 2667 hoc⁹
764 2605 852 2667 idem
880 2603 923 2666 de
946 2603 1119 2667 Abraham
1143 2602 1373 2667 confitentur¹.

109 2705 111 2709 ’
217 2711 305 2772 Nam
333 2710 367 2772 hi
393 2709 577 2772 secundum
606 2708 836 2791 Augustinum
864 2708 1047 2771 floruerunt
1073 2708 1210 2789 quando
1236 2706 1374 2788 Moyses

215 2822 386 2891 natusest,
399 2822 433 2876 et
448 2812 594 2876 Isidorus
611 2812 791 2876 concordat
808 2811 893 2874 libro
908 2813 1027 2893 quinto
1043 2813 1158 2874 dicens
1170 2810 1261 2892 quod
1275 2809 1374 2873 Atlas

209 2917 277 2998 ,suit
291 2916 355 2980 sub
371 2917 528 2980 servitute
537 2915 563 2954 ¹⁰
577 2914 719 2979 filiorum
737 2915 839 2979 Israel
856 2923 934 2977 ante
950 2924 1067 2977 natum
1082 2914 1234 2996 Moysen.
1273 2913 1373 2976 Atlas

213 3042 301 3098 vero,
310 3030 347 3084 ut
359 3020 440 3083 dicit
451 3020 672 3103 Augustinus,
685 3019 747 3082 luit
757 3041 839 3082 avus
852 3028 1023 3082 maternus
1036 3019 1206 3082 Hermetis
1218 3018 1375 3081 Mercurii

215 3125 359 3206 majoris,
369 3125 425 3206 qui
442 3144 639 3206 magnarum
657 3125 778 3186 artium
795 3123 921 3206 peritus
933 3123 1059 3199 claruit,
1069 3131 1103 3185 et
1115 3143 1171 3185 eas
1184 3121 1375 3185 hominibus

214 3228 361 3306 tradidit,
390 3237 528 3311 propter
556 3227 649 3310 quod
679 3248 756 3290 eum
787 3236 950 3310 tanquam
981 3225 1083 3289 deum
1117 3236 1194 3309 post
1232 3236 1374 3290 mortem

214 3333 362 3397 venerati
379 3341 466 3410 sunt,
481 3342 515 3395 et
538 3332 601 3407 hic,
617 3341 653 3395 ut
671 3332 752 3396 dicit
770 3332 982 3414 Augustinus
999 3330 1131 3393 decimo
1147 3341 1267 3393 octavo
1283 3330 1376 3406 libro,

214 3438 275 3500 suit
298 3446 450 3519 tempore
476 3457 544 3518 quo
568 3435 705 3518 Moyses
728 3436 848 3498 eduxit
871 3434 958 3498 filios
982 3434 1084 3498 lsrael
1108 3434 1150 3498 de
1172 3435 1333 3518 Aegypto
1342 3434 1374 3498 ¹¹.

213 3540 319 3622 Cujus
331 3561 435 3624 nepos
446 3541 508 3604 fuit
523 3541 666 3603 Hermes
680 3540 863 3603 Mercurius
875 3540 933 3622 qui
949 3542 992 3603 ad
1005 3538 1227 3603 differentiam
1239 3538 1375 3602 alterius

212 3646 322 3708 dictus
343 3654 394 3708 est
409 3644 658 3727 Trismegistus‚
673 3645 730 3726 qui
748 3644 896 3706 famosus
913 3643 976 3706 suit
992 3642 1211 3727 philosophus
1223 3642 1375 3726 Aegypti

212 3748 281 3812 et12
296 3750 442 3832 partium
460 3748 727 3812 meridionalium
744 3748 893 3811 maxime
916 3749 950 3811 in
974 3746 1163 3824 moralibus,
1179 3757 1213 3811 et
1227 3768 1314 3829 quae
1331 3747 1374 3810 ad

212 3853 340 3918 cultum
354 3862 387 3916 et
403 3852 516 3915 divina
529 3853 694 3935 pertinere
710 3861 894 3915 noscuntur
902 3851 935 3930 ¹²,
948 3852 1034 3915 sicut
1048 3851 1259 3933 Augustinus
1275 3850 1374 3914 docet

213 3967 331 4021 octavo
355 3958 397 4019 de
425 3956 567 4021 Civitate
592 3956 677 4033 Dei;
700 3965 734 4019 et
756 3955 844 4018 hie1³
859 3956 992 4039 scripsit
1008 3955 1051 4018 ad
1069 3955 1274 4037 Asclepium,
1288 3955 1374 4017 sicut

212 4070 306 4145 patet
328 4061 362 4124 in
386 4060 469 4124 libro
492 4059 534 4123 de
549 4059 734 4137 divinitate,
749 4061 805 4142 qui
829 4059 910 4123 satis
930 4059 1089 4139 habetur3
1113 4059 1208 4141 cujus
1225 4057 1373 4141 Asclepii

244 4197 253 4229 ¹
271 4199 303 4250 Ο.
317 4214 368 4249 om.
382 4204 408 4248 et
419 4196 636 4264 de—bujusmodi.
889 4194 901 4226 ²
917 4196 961 4258 0.,
974 4196 1086 4248 edoctos.

243 4279 254 4311 ¹¹
271 4282 302 4331 ln
314 4280 346 4330 Ο.
361 4281 404 4330 the
416 4279 499 4330 words
511 4280 651 4344 insignitus
662 4279 713 4329 and
724 4279 806 4328 doctor
815 4280 880 4328 have
892 4279 956 4328 been
967 4277 1156 4342 interchanged.
1188 4268 1191 4277 ⁴

243 4361 254 4392 ⁴
270 4363 314 4422 0.,
328 4363 472 4413 Prometha.
889 4359 900 4391 ⁵
917 4360 962 4420 0.,
975 4367 1074 4420 octavo,
1082 4368 1131 4424 pro
1141 4359 1239 4411 decimo
1250 4367 1348 4411 octavo.

242 4442 253 4475 ¹
269 4445 313 4507 0.,
326 4444 444 4494 fabulam.
513 4441 525 4476 ⁷
541 4443 585 4504 0.,
597 4442 808 4508 quod-finxerit.
843 4444 885 4504 V.,
900 4441 1159 4507 quod-confinxerit.

243 4526 253 4556 ¹¹
269 4527 301 4577 V.
316 4526 360 4588 O..
373 4525 531 4575 altitudinem
543 4525 612 4590 vulgi
624 4541 675 4574 om.
687 4524 792 4576 venisse.
892 4521 904 4554 ⁹
921 4523 953 4574 Ο.
968 4540 1017 4574 om.
1031 4523 1271 4575 boc-confitentur.

232 4606 252 4638 ¹⁰
268 4608 422 4670 V.,virtute.
458 4607 502 4670 O.¹
515 4605 643 4658 servitute.
883 4604 903 4636 ¹¹
920 4606 952 4656 0.
966 4623 1016 4655 om.
1030 4606 1063 4656 de
1074 4606 1200 4670 Aegypto.

232 4688 252 4720 ¹²
268 4690 300 4740 Ο.
312 4705 362 4741 om.
373 4689 513 4755 etpartium
522 4687 892 4740 meridonalium-noscuntur.
1015 4686 1035 4718 ¹⁸
1052 4687 1096 4749 0.,
1108 4688 1164 4738 hoc.
