3559 5442
290 655 637 718 PHILOSOPHIAE
661 656 767 718 CUM
784 656 1053 718 THEOLOGIA
1074 657 1327 718 AFFINITAS.
1351 673 1389 736 37

232 817 431 899 sapientiam
446 838 515 882 non
531 817 727 896 habuerunt,
744 819 802 882 sed
819 829 1037 902 apparentem
1054 828 1088 883 et
1107 820 1235 896 falsam,
1250 819 1340 884 unde
1356 839 1392 882 se

233 922 449 984 aestimantes
471 921 639 1003 sapientes
663 921 757 985 stulti
780 922 857 985 facti
881 930 961 985 sunt
979 922 1163 986 secundum
1184 924 1392 1005 scripturam.

235 1022 437 1086 Caeterum¹
453 1025 664 1106 Augustinus
680 1024 820 1106 loquens
838 1024 881 1088 de
897 1045 991 1088 sacra
1006 1026 1169 1108 scriptura
1183 1026 1264 1089 dicit
1287 1024 1392 1090 libro²

234 1125 383 1188 secundo
405 1125 447 1188 de
463 1127 615 1191 doctrina
631 1127 828 1206 Christiana,
843 1128 871 1190 si
886 1127 965 1190 alibi
987 1136 1039 1193 est
1052 1129 1182 1205 veritas,
1198 1127 1251 1190 hic
1268 1129 1392 1191 inveni·

234 1238 305 1308 tur;
328 1230 363 1292 si
390 1231 539 1307 noxium,
569 1231 623 1293 hic
650 1229 837 1294 damnatur.
893 1231 939 1293 Et
968 1230 1063 1294 vult¹
1088 1234 1178 1313 quod
1202 1231 1393 1313 ubicunque
1456 1229 1460 1234 ’

234 1333 399 1395 invenerit
422 1333 630 1398 Christianus
654 1334 793 1396 Domini
817 1334 868 1396 sui
887 1334 1053 1416 intelligat
1067 1354 1140 1397 esse
1156 1335 1340 1411 veritatem,
1355 1343 1393 1398 ut

236 1455 257 1498 a
280 1436 441 1519 principio
456 1435 583 1501 dictum
598 1437 672 1500 est.4
716 1437 762 1500 Et
777 1438 900 1501 veritas
915 1438 994 1519 Jesu
1016 1436 1139 1501 Christi
1154 1447 1205 1500 est
1228 1438 1394 1521 sapientia

236 1560 349 1602 sacrae
364 1541 552 1623 scripturae.
599 1541 691 1623 Ergo
706 1562 773 1604 non
790 1551 841 1604 est
856 1542 936 1604 alibi
951 1542 1082 1620 veritas,
1098 1542 1160 1604 nisi
1176 1562 1263 1625 quae
1279 1543 1313 1604 in
1336 1541 1394 1603 illa

235 1645 425 1707 continetur
440 1645 585 1708 scientia
631 1645 676 1709 Et
688 1644 889 1708 Ambrosius
902 1666 1001 1728 super
1016 1644 1205 1729 Epistolam
1220 1646 1263 1709 ad
1280 1645 1395 1712 Colos-

237 1767 351 1811 senses
368 1749 458 1826 dicit,
474 1749 595 1814 Omnis
610 1750 695 1812 ratio
718 1769 880 1831 supernae
897 1750 1055 1812 scientiae
1076 1758 1110 1812 ct
1132 1758 1283 1812 terrenae
1305 1769 1395 1812 crea-

238 1860 332 1913 turae
347 1851 381 1913 in
398 1871 438 1914 eo
454 1863 504 1914 est
520 1851 577 1934 qui
593 1859 644 1915 est
660 1860 810 1934 caputet
827 1861 953 1929 auctor,
969 1853 1079 1934 utqui
1095 1851 1184 1916 hunc
1199 1852 1300 1929 novit,
1315 1850 1397 1914 nihil

238 1955 324 2017 ultra
339 1963 485 2037 quaerat,
501 1956 580 2037 quia
595 1955 648 2018 hic
663 1965 714 2018 est
730 1955 878 2038 perfecta
895 1957 999 2020 virtus
1021 1965 1056 2018 et
1080 1957 1252 2038 sapientia
1296 1955 1399 2038 Quic-

239 2061 319 2141 quid
343 2058 423 2122 alibi
446 2061 621 2142 quaeritur,
638 2060 691 2123 hic
715 2060 861 2143 perfecte
884 2060 1058 2124 invenitur.
1104 2060 1192 2132 Cum
1207 2080 1288 2142 ergo
1303 2079 1399 2123 sacra

238 2163 402 2246 scriptura
417 2161 476 2225 dat
499 2162 596 2227 nobis
618 2162 704 2228 hanc
721 2164 920 2246 sapientiam
941 2183 1029 2245 quae
1052 2162 1204 2227 Christus
1219 2171 1279 2240 est,
1295 2163 1399 2225 mani-

240 2267 362 2330 festum
378 2275 429 2330 est
444 2267 534 2349 quod
550 2267 603 2330 hic
619 2267 729 2331 omnis
744 2268 865 2330 veritas
881 2268 924 2330 sit
942 2267 1108 2331 conclusa
1154 2267 1356 2332 Caeterum⁵
1370 2267 1397 2328 si

239 2371 320 2433 alibi
336 2369 465 2434 dicatur
479 2371 747 2453 sapientia,·tunc
764 2371 790 2433 si
807 2380 858 2434 est
880 2372 1046 2434 contraria
1069 2370 1146 2434 huic
1168 2371 1231 2434 erit
1253 2391 1400 2445 erronea,

241 2495 302 2537 nec
318 2473 455 2538 habebit
471 2476 533 2538 nisi
550 2492 672 2540 nornen
696 2475 891 2556 sapientiae,
905 2475 983 2539 vel⁰
999 2475 1076 2538 licet
1092 2495 1159 2538 non
1176 2475 1305 2538 dicatur
1320 2495 1399 2537 con-

240 2579 341 2642 traria
365 2587 551 2642 esttamen
575 2578 726 2642 diversa!¹
749 2577 817 2644 Sed
842 2578 1024 2655 diversitas,
1048 2579 1202 2660 quamvis
1226 2578 1304 2641 alibi
1332 2598 1399 2640 non

242 2682 342 2744 saciat
358 2683 637 2758 contrarietatem,
651 2683 704 2745 hic
719 2691 833 2744 tamen
850 2679 947 2746 eam⁷
964 2680 1101 2756 inducit,
1117 2682 1202 2744 sicut
1226 2689 1319 2764 patet
1343 2700 1402 2763 per

240 2786 467 2869 evangelicam
483 2787 726 2864 auctoritatem,
741 2786 809 2868 Qui
827 2807 895 2850 non
914 2795 965 2848 est
981 2806 1123 2862 mecum,
1139 2795 1255 2848 contra
1270 2792 1399 2849 meest.

243 2892 299 2957 Sic
329 2892 371 2954 de
406 2891 469 2954 hac
505 2891 670 2974 sapientia
698 2911 812 2954 verum
850 2900 912 2965 est,
940 2900 979 2954 ut
1016 2891 1106 2972 quod
1144 2889 1190 2953 illi
1228 2909 1400 2952 annexum

241 3009 310 3060 n'on
341 3003 400 3072 est,
430 3003 545 3057 contra
582 2994 673 3058 illam
710 3014 783 3059 esse
812 2993 980 3078 probetur,
1010 3002 1045 3057 et
1081 2992 1158 3058 ideo
1188 2992 1401 3058 Christiano⁸

242 3098 498 3164 abhorrendum.

565 3421 567 3424 ·
665 3402 896 3470 cnarrutun
922 3402 981 3466 ΙΙ.9

289 3605 367 3668 Hoc
375 3601 401 3642 ¹⁰
413 3612 525 3690 autem
538 3601 744 3668 manifestius
754 3610 846 3685 patet
856 3600 1080 3666 consideranti
1092 3600 1288 3664 divisionem
1301 3599 1404 3664 scien·
1414 3611 1450 3676 J.,
1464 3609 1480 3661 t
1494 3611 1564 3675 8312,

243 3709 365 3772 tiarum
381 3708 592 3770 aestimatam
603 3705 635 3770 ¹¹.
674 3706 762 3770 Nam
778 3707 805 3769 si
819 3707 966 3769 nitamur
977 3725 1130 3788 separare
1139 3704 1293 3769 scientias
1304 3703 1347 3767 ab
1359 3704 1405 3766 in·
1416 3678 1611 3804 fflffiss'png

243 3813 360 3890 vicem,
369 3832 437 3874 non
447 3808 655 3894 possumus¹²
666 3809 774 3874 dicere
785 3830 852 3874 non
863 3809 1065 3892 theologiam
1077 3808 1178 3892 [esse]
1188 3817 1222 3871 et
1231 3808 1404 3871 scientiam
1417 3808 1550 3938 ἓὲἓῐαὲἓαῐ
1561 3806 1613 3855 foot

277 3993 287 4024 ¹
305 3994 339 4045 O.
352 4010 401 4043 orn.
416 3993 558 4043 Caeterum.
883 3989 946 4055 ²J.,
961 3990 1025 4040 ‘hoc
1036 3990 1122 4041 libro.¹
1154 3989 1199 4052 O.,
1212 3989 1321 4040 secundo
1332 3989 1405 4040 libro.

277 4076 288 4108 ¹
304 4078 348 4139 V.,
362 4092 419 4126 cum
430 4076 498 4126 velit.
513 4075 557 4135 O.,
571 4074 633 4124 vult.
883 4072 942 4124 ⁴0.
957 4090 1006 4123 om.
1020 4079 1081 4122 ut—
1092 4072 1187 4122 dictum
1199 4080 1244 4123 est.

278 4158 288 4190 ¹
304 4159 348 4221 O.,
363 4158 391 4209 Si
401 4165 486 4207 autem
496 4163 534 4206 est
545 4157 669 4222 sapientie
678 4155 737 4207 huic
748 4155 872 4206 contraria
883 4156 930 4206 erit
941 4172 1053 4206 erronea.
1478 4221 1480 4225 .

277 4240 288 4272 ⁶
305 4241 338 4291 Ο.
351 4255 401 4290 om.
415 4237 594 4288 vel-diversa.
775 4236 786 4271 ⁷
804 4237 836 4288 Ο.
850 4253 901 4287 om.
915 4252 979 4287 eam.
1165 4233 1225 4299 ⁸J.‚
1240 4233 1405 4284 Christianae.

277 4321 339 4388 ⁹J.,
352 4321 455 4383 Rubric,
475 4320 619 4384 Capitulum
636 4319 773 4370 secundum
790 4319 816 4368 in
832 4335 884 4384 quo
901 4317 995 4380 [osten]
1011 4317 1079 4367 ditur
1093 4317 1164 4382 [pro]
1181 4316 1289 4381 positum
1305 4316 1408 4366 descen·

244 4405 330 4456 dendo
350 4404 383 4453 ad
402 4404 443 4468 jus
464 4402 621 4454 canonicum.

278 4485 298 4518 ¹⁰
313 4486 349 4552 J.,
364 4485 445 4535 Haec.
481 4483 524 4545 O.,
540 4484 613 4533 Haec
629 4518 637 4534 .
656 4519 663 4533 .
682 4519 689 4533 .
709 4487 804 4547 patent.
1002 4476 1024 4510 ¹¹
1041 4479 1073 4529 O.
1087 4493 1137 4530 om.
1150 4477 1315 4528 aestimatam.

277 4566 298 4598 ¹¹
315 4567 360 4630 O.,
373 4581 425 4616 non
435 4581 566 4630 possumus
576 4564 659 4614 dicere
670 4564 844 4628 theologiam
860 4577 910 4613 om.
930 4568 956 4612 et
972 4559 1327 4625 scientiam-philosophiam.
1363 4560 1406 4623 V.,

245 4667 295 4701 non
307 4664 440 4716 possumus
450 4647 533 4698 dicere
544 4663 596 4698 non
608 4645 760 4710 theologiam
772 4646 806 4707 (et
815 4644 883 4710 sep).
