3559 5442
382 691 420 762 46
573 688 739 750 OPERIS
756 688 825 748 MA
820 687 956 768 JORIS
973 687 1094 748 PARS
1112 688 1340 750 SECUNDA.

380 852 564 916 secundum
602 872 674 915 esse
718 859 752 914 et
796 851 1018 914 substantiam
1057 851 1119 914 erit
1155 851 1420 934 incorruptibilis,
1456 873 1537 935 qua-

380 965 515 1038 propter
537 976 604 1018 non
627 955 689 1017 erit
711 975 787 1037 pars
810 955 951 1031 animae,
973 954 1131 1036 quoniam
1154 963 1233 1017 tunc
1257 955 1439 1018 secundum
1463 976 1536 1018 esse

379 1080 476 1122 suum
493 1060 526 1122 in
542 1080 679 1142 corpore
694 1067 959 1140 corrumperetur
974 1058 1111 1139 quando
1133 1069 1346 1141 separaretur.
1393 1060 1439 1123 Et
1455 1059 1535 1123 dicit

377 1165 468 1246 quod
495 1163 657 1227 sehabet
683 1163 726 1226 ad
753 1161 945 1245 possibilem
973 1162 1058 1224 sicut
1084 1162 1205 1225 artifex
1232 1164 1275 1227 ad
1303 1164 1485 1238 materiam,
1501 1173 1535 1227 et

377 1269 462 1330 sicut
477 1266 537 1331 lux
550 1267 628 1330 solis
644 1267 686 1330 ad
703 1265 838 1331 colores.
884 1265 1019 1328 Artifex
1032 1265 1232 1329 autem1est
1248 1276 1345 1330 extra
1361 1267 1533 1330 materiam

376 1373 409 1434 in
426 1370 514 1454 qua²
536 1372 615 1453 agit,
630 1378 663 1433 et
678 1380 850 1452 separatus
873 1389 932 1452 per
951 1370 1130 1432 essentiam
1146 1369 1190 1432 ab
1204 1391 1253 1435 ea
1298 1369 1458 1435 Similiter
1473 1371 1533 1433 lux

375 1475 453 1538 solis
463 1475 636 1557 expellens
651 1472 805 1536 tenebras
818 1495 837 1535 a
849 1471 1038 1536 coloribus3
1052 1482 1086 1536 et
1098 1472 1170 1536 aliis
1182 1473 1280 1536 rebus
1292 1474 1467 1556 separata4
1482 1484 1533 1538 est

375 1601 433 1662 per
455 1579 633 1642 essentiam
658 1577 701 1640 ab
725 1577 781 1651 eis,
796 1586 830 1640 et
855 1577 991 1640 advenit
1011 1575 1153 1642 aliunde.
1201 1577 1292 1641 Dicit
1314 1578 1416 1640 etiam
1441 1578 1531 1659 quod
1600 1571 1604 1577 ’

374 1683 559 1746 intellectus
589 1702 692 1763 agens
722 1681 785 1743 scit
814 1681 928 1743 omnia
957 1689 991 1743 et
1020 1700 1151 1762 semper
1180 1681 1213 1742 in
1241 1689 1325 1756 actu,
1353 1681 1444 1762 quod
1471 1703 1532 1746 nec

374 1787 505 1849 animae
521 1784 695 1848 rationali⁵
710 1805 770 1847 nec
787 1783 908 1866 angelo
924 1785 1088 1859 convenit,
1100 1784 1159 1847 sed
1176 1784 1236 1846 soli
1250 1784 1332 1847 Deo,
1380 1785 1489 1848 Item⁰
1503 1786 1530 1849 si

373 1898 462 1954 esset
498 1911 574 1972 pars
605 1889 744 1964 animae,
767 1898 846 1950 tunc
876 1887 989 1950 anima
1022 1887 1120 1951 sciret
1150 1886 1237 1950 idem
1268 1907 1327 1970 per
1355 1909 1467 1970 agens,
1497 1900 1531 1954 et

374 1995 541 2076 ignoraret
571 2014 628 2076 per
658 1990 823 2076 possibile,
852 1991 931 2073 quia
960 2011 1063 2072 agens
1100 2000 1151 2054 est
1181 1991 1214 2053 in
1245 2001 1320 2054 actu
1352 1991 1450 2073 quale
1479 2003 1530 2057 est

374 2097 530 2180 possibile
545 2097 577 2158 in
595 2096 752 2179 potentia,
768 2103 805 2157 ut
817 2093 1016 2157 Aristoteles
1032 2103 1174 2157 testatur
1182 2094 1203 2160 θ.
1249 2095 1335 2157 Item
1351 2115 1371 2157 a
1387 2095 1529 2178 digniori

374 2210 468 2284 parte
493 2201 599 2282 magis
623 2199 724 2262 habet
749 2220 800 2262 res
822 2197 1039 2273 denominari,
1054 2219 1135 2279 ergo
1151 2198 1257 2279 magis
1278 2199 1407 2262 dicetur
1422 2199 1528 2263 sciens

373 2325 432 2387 per
447 2314 612 2385 agentern,
627 2323 727 2384 quam
751 2302 908 2383 ignorans
924 2322 983 2383 per
1000 2300 1191 2383 possibilem
1208 2311 1286 2364 ante
1302 2301 1527 2366 inventionem

372 2415 410 2470 et
429 2406 623 2472 doctrinam.
669 2403 727 2471 Si⁷
749 2405 879 2468 dicatur
895 2403 984 2486 quod
1001 2425 1113 2485 agens,
1130 2404 1206 2468 licet
1228 2405 1270 2468 sit
1287 2426 1362 2488 pars
1386 2406 1525 2482 animae,

373 2532 440 2574 non
457 2519 570 2574 tamen
587 2519 638 2573 est
653 2519 747 2572 actus
769 2518 803 2572 et
825 2508 933 2571 forma
949 2507 1094 2590 corporis
1109 2507 1195 2571 sicut
1210 2508 1386 2591 possibilis
1402 2519 1435 2572 et
1451 2509 1528 2573 ideo

373 2614 476 2677 homo
500 2614 602 2677 habet
627 2613 836 2696 operationes
867 2611 1034 2694 possibilis
1064 2620 1099 2675 et
1125 2633 1193 2674 non
1220 2612 1357 2693 agentis,
1385 2612 1449 2675 hoc
1475 2623 1527 2676 est

371 2725 488 2777 contra
502 2713 729 2777 definitionem
752 2713 893 2789 animae,
908 2731 974 2793 qua
990 2709 1109 2774 dicitur
1124 2711 1214 2793 quod
1237 2711 1351 2774 anima
1365 2721 1416 2775 est
1432 2721 1526 2776 actus

369 2819 515 2900 corporis
541 2817 678 2900 physici.
725 2815 813 2878 Nam
840 2816 867 2878 si
895 2835 961 2877 una
988 2836 1064 2897 pars
1091 2813 1163 2895 ejus
1188 2824 1319 2878 tantum
1346 2825 1397 2878 est
1423 2826 1526 2895 actus,

369 2922 459 3003 quod
482 2904 589 2984 forma
604 2920 749 3002 corporis
772 2929 851 2983 tunc
875 2917 962 2981 male
984 2917 1083 2981 datur
1105 2917 1236 2981 differre
1258 2918 1389 2981 animae
1404 2920 1525 2995 totalis,

368 3035 403 3089 et
428 3025 579 3087 absolute
604 3033 637 3087 et
664 3021 855 3105 simpliciter
881 3043 940 3104 per
968 3032 1079 3084 actum
1104 3022 1258 3104 corporis,
1285 3031 1319 3085 et
1345 3023 1421 3085 ideo
1444 3032 1524 3087 tuuc

369 3128 469 3192 debet
484 3127 594 3211 excipi
618 3126 673 3190 illa
696 3147 771 3209 pars
794 3146 880 3208 quae
903 3145 969 3188 non
992 3135 1043 3188 est
1066 3133 1159 3188 actus
1182 3127 1337 3209 corporis
1352 3128 1438 3190 sicut
1453 3128 1525 3210 ipse

369 3230 567 3295 Aristoteles
591 3230 623 3292 in
651 3229 811 3313 principio
838 3229 974 3292 secundi
1002 3228 1084 3305 libri,
1109 3229 1245 3310 quando
1275 3230 1370 3312 ponit
1396 3230 1524 3312 aliquas

368 3346 478 3418 partes
508 3335 639 3397 animae
668 3353 740 3396 esse
776 3353 844 3396 non
881 3332 989 3396 solum
1019 3341 1112 3395 actus
1142 3333 1287 3414 corporis
1324 3335 1435 3412 totius,
1464 3336 1522 3398 sed

367 3440 510 3522 partium
526 3437 606 3518 ejus,
618 3431 654 3500 ut
669 3437 861 3500 sensitivam
876 3445 911 3499 et
926 3430 1157 3518 vegetativam,
1168 3437 1294 3519 excipit
1310 3437 1523 3515 intellectum,

366 3563 466 3624 quem
482 3551 583 3625 negat
605 3562 678 3604 esse
696 3550 809 3603 actum
833 3549 866 3603 et
889 3539 1125 3622 perfectionem
1149 3541 1252 3622 partis
1274 3542 1429 3624 corporis,
1444 3544 1523 3624 quia

259 3719 263 3728 ἡ
366 3667 433 3709 non
445 3656 495 3709 est
506 3647 659 3728 alligatus
671 3665 797 3726 organo
810 3644 895 3707 sicut
907 3653 1056 3706 caeterae
1071 3652 1182 3725 partes
1194 3644 1326 3707 animae
1338 3644 1359 3709 ⁷.
1397 3645 1464 3709 Et8
1478 3648 1521 3711 ad

365 3750 428 3813 hoc
450 3749 640 3832 expressius
655 3747 888 3824 intimandum,
904 3747 985 3810 dicit
1000 3746 1114 3829 quod8
1131 3747 1319 3811 intellectus
1334 3758 1385 3812 est
1401 3749 1434 3812 in
1450 3771 1521 3813 cor-

365 3875 445 3937 pore
460 3855 545 3917 sicut
560 3862 662 3916 nauta
674 3852 707 3915 in
720 3851 806 3928 navi,
818 3851 976 3933 quoniam
988 3851 1031 3913 ad
1044 3850 1106 3913 hoc
1118 3851 1209 3932 quod
1222 3872 1288 3913 non
1301 3862 1351 3915 est
1366 3852 1521 3934 alligatus

364 3957 460 4025 alicui
483 3957 578 4040 parti,
594 3957 678 4020 sicut
700 3975 761 4017 nec
785 3962 887 4017 nauta
904 3954 990 4028 navi,
1005 3952 1103 4016 licet⁹
1125 3956 1168 4017 sit
1189 3965 1283 4018 actus
1306 3965 1340 4018 et
1362 3957 1521 4038 perfectio

363 4063 465 4126 totius
475 4061 496 4127 ⁹.
542 4061 655 4123 Nauta
678 4068 790 4122 tamen
814 4079 881 4120 non
907 4066 957 4120 est
984 4059 1078 4120 navis
1090 4057 1115 4096 ¹⁰
1137 4058 1305 4140 perfecti0,
1328 4061 1386 4124 scd
1411 4070 1521 4126 motor

361 4175 503 4235 tantum.
540 4162 657 4227 Item¹1
672 4171 751 4226 tunc
762 4171 981 4245 componetur
992 4161 1104 4224 anima
1115 4182 1158 4223 ex
1169 4162 1355 4226 substantia
1367 4174 1521 4248 separata

394 4370 405 4425 1.
421 4367 465 4434 Ο.’,
478 4370 554 4422 enim.
696 4365 707 4400 ²
723 4369 766 4428 0.,
779 4378 862 4434 quam.
1012 4366 1023 4399 ³
1040 4369 1083 4431 0.,
1095 4368 1239 4433 corporibus
1251 4388 1259 4430 ;
1269 4385 1320 4421 om.
1334 4378 1359 4420 et
1370 4370 1425 4422 aliis
1435 4373 1517 4426 rebus.

393 4452 404 4484 ⁴
421 4454 469 4517 Oun
477 4460 614 4518 separatus.
696 4449 707 4481 ⁶
724 4451 755 4501 Ο.
770 4467 819 4501 οιιι.
834 4449 960 4508 rationaii.
984 4501 987 4507 ,
1011 4447 1022 4481 ⁸
1038 4450 1070 4500 Ο.
1085 4466 1134 4500 om.
1149 4452 1214 4511 Item
1225 4450 1391 4504 si-testatur.

393 4534 403 4567 ⁷
420 4535 453 4586 Ο.
466 4550 516 4585 orn
531 4533 558 4584 Si
570 4534 781 4598 dicatur—partes
792 4532 900 4584 animae.
1010 4529 1021 4562 ⁸
1038 4531 1081 4593 0.,
1096 4532 1161 4581 Item
1171 4532 1318 4585 Aristoteles
1329 4534 1470 4600 dicitquod

393 4615 404 4648 ⁰
421 4617 452 4667 Ο.
467 4632 518 4668 om.
531 4615 705 4670 licet-totius.
1012 4611 1033 4644 ¹⁰
1049 4613 1082 4673 Ο,
1095 4629 1146 4668 om.
1159 4614 1239 4672 navis,

393 4697 412 4738 ⁸¹
430 4700 462 4749 Ο.
477 4714 525 4749 om.
542 4699 606 4748 Item
620 4695 805 4764 tunc-speciei
816 4695 954 4762 oppositae.
976 4743 980 4753 Α
