3559 5442
605 692 786 754 crusna
806 691 1017 751 Ennonrs.
1350 709 1388 770 33

230 853 320 943 quod
346 858 392 921 eis
420 858 526 920 fuerat
552 854 744 929 revelatum,
768 862 943 937 quatenus
967 853 1032 916 fide
1056 853 1178 917 Christi
1202 854 1390 918 introducta

230 973 263 1025 et
279 971 439 1026 evacuata
462 959 541 1023 artis
564 959 714 1042 magicae
738 956 972 1037 fraudulentia,
986 967 1136 1041 potestas
1159 957 1389 1043 philosophiae

230 1064 273 1128 ad
289 1064 402 1127 divina
419 1063 544 1126 utiliter
557 1062 713 1145 rapiatur.

646 1359 872 1427 cnnruruu
899 1360 976 1426 XV.

275 1553 370 1618 Sicut
384 1572 462 1616 vero
481 1550 633 1614 doctores
657 1550 740 1613 sacri
764 1549 957 1632 magnificas
981 1549 1136 1613 scientias
1159 1551 1389 1635 philosophiae

230 1677 297 1719 non
321 1656 510 1719 habuerunt
533 1656 566 1717 in
591 1676 663 1736 usu,
678 1655 724 1719 sic
747 1674 808 1717 nec
832 1655 1039 1737 posteriores
1055 1654 1180 1717 scilicet
1201 1656 1389 1731 Gratianus,

232 1761 386 1843 Magistri
423 1760 663 1822 sententiarum
701 1766 735 1822 et
779 1756 1001 1833 historiarum,
1042 1757 1146 1840 Hugo
1183 1759 1226 1822 de
1263 1759 1390 1824 Sancto

231 1865 376 1941 Victore,
391 1873 425 1926 et
441 1863 604 1925 Ricardus
621 1861 662 1924 de
681 1859 809 1924 eodem.
856 1860 945 1923 Nam
969 1882 1036 1925 non
1061 1861 1193 1925 suerunt
1217 1863 1250 1926 in
1273 1883 1388 1927 eorum

229 1967 438 2051 temporibus
453 1967 642 2044 translatae,
659 1986 719 2029 nec
736 1966 767 2027 in
785 1986 846 2029 usu
869 1965 1078 2042 Latinorum,
1093 1976 1127 2029 et
1143 1966 1219 2029 ideo
1234 1968 1391 2050 neglexe-

231 2083 308 2135 runt
331 2092 396 2144 eas,
420 2092 480 2133 nec
503 2072 631 2154 dignas¹
646 2057 746 2136 sacris
771 2070 939 2152 mysteriis
961 2070 1128 2132 sciverunt
1147 2070 1306 2152 judicare,
1330 2073 1388 2135 sed

231 2177 379 2239 humano
394 2196 493 2238 sensu
507 2175 718 2258 respuebant,
734 2194 876 2256 quorum
894 2173 1113 2237 exercitiuml
1129 2196 1195 2237 non
1213 2175 1390 2253 habebant,

231 2280 320 2352 etin
345 2278 458 2353 multis
486 2278 722 2360 obloquuntur,
747 2286 919 2340 sumentes
942 2277 1158 2346 nihilominus
1180 2280 1390 2344 occasionem

231 2404 275 2445 ex
299 2383 362 2445 hoc
385 2381 476 2464 quod
500 2383 606 2456 sancti
629 2379 783 2443 doctores
798 2379 1216 2462 easdem²neglexerunt;
1239 2381 1298 2445 sed
1323 2404 1389 2446 non

231 2485 453 2549 attendebant
468 2506 584 2548 causas
600 2494 800 2560 sanctorum,
816 2485 941 2546 scilicet
957 2485 1036 2566 quia
1051 2505 1118 2547 non
1136 2485 1269 2548 suerunt
1285 2497 1391 2551 trans-

231 2591 318 2651 latae
342 2590 374 2650 in
397 2608 512 2651 eorum
534 2597 694 2669 tempore,
709 2596 743 2649 et
758 2588 836 2668 quia
854 2585 1007 2648 Ecclesia
1024 2585 1176 2668 neglexit
1199 2609 1255 2651 eas
1274 2588 1392 2670 jubere

230 2692 399 2755 transferri
423 2700 559 2774 propter
574 2710 692 2752 causas
707 2691 856 2772 quinque
876 2691 966 2772 prius
982 2699 1096 2753 tactas.
1143 2691 1298 2754 Moderni
1313 2715 1391 2756 vero

231 2797 384 2860 doctores
405 2795 496 2877 vulgi
521 2795 597 2857 licet
621 2795 728 2857 multa
751 2793 793 2856 de
815 2794 1046 2877 philosophiae
1070 2796 1303 2876 magnalibus³
1325 2799 1392 2861 sint

230 2900 400 2976 translata,
430 2909 543 2961 tamen
575 2918 641 2960 non
677 2897 802 2961 habent
832 2917 948 2960 eorum
979 2918 1086 2974 usum,
1116 2919 1192 2960 cum
1223 2900 1324 2964 etiam
1356 2903 1390 2964 in

230 3006 340 3089 parvis
355 3014 389 3068 et
405 3004 524 3068 vilibus
547 3003 703 3066 delectati
728 3002 811 3065 duos
835 3001 938 3065 libros
961 3002 1088 3086 logicae
1112 3005 1264 3067 meliores
1287 3006 1390 3087 negli-

230 3117 323 3192 gunt,
333 3129 474 3191 quorum
485 3129 572 3171 unus
583 3107 762 3170 translatus
773 3115 823 3169 est
833 3106 928 3169 cum4
942 3109 1183 3170 commentario
1195 3109 1391 3192 Alpharabii

229 3233 329 3296 super
359 3211 461 3286 illum,
484 3221 518 3273 et
549 3211 683 3280 alterius
714 3211 884 3293 expositio
915 3231 974 3292 per
1000 3212 1184 3275 Averroem
1209 3213 1297 3277 facta
1320 3215 1391 3278 sine

229 3325 328 3379 textu
344 3313 534 3390 Aristotelis
550 3324 600 3376 est
617 3313 786 3377 translata.
835 3314 880 3375 Et
902 3313 1004 3396 longe
1029 3317 1136 3398 magis
1158 3328 1289 3380 caetera
1304 3340 1403 3401 quae·

231 3419 392 3500 majorem
419 3418 574 3481 obtinent
597 3416 806 3499 dignitatem,
831 3418 917 3480 sicut
940 3439 1060 3481 novem
1084 3421 1239 3484 scientias
1263 3424 1414 3485 mathe-

230 3525 381 3598 maticae,
396 3531 430 3586 et
445 3543 506 3585 sex
523 3521 677 3584 scientias
702 3541 842 3602 magnas
864 3521 1041 3599 naturales,
1057 3544 1142 3605 quae
1166 3524 1288 3588 multas
1307 3527 1390 3590 alias

229 3629 290 3691 sub
307 3647 342 3690 se
361 3625 680 3709 comprehendunt⁵,
695 3635 796 3708 atque
820 3625 963 3690 morales
986 3637 1130 3709 quatuor
1152 3639 1263 3711 partes
1287 3630 1390 3713 negli-

229 3741 314 3814 gunt
338 3731 575 3813 diguissimas;
604 3739 638 3793 et
664 3750 744 3792 suae
774 3730 982 3811 ignorantiae
1012 3743 1177 3813 quaerunt
1204 3733 1390 3798 miserabile

229 3834 385 3897 solatium
417 3854 475 3916 per
500 3833 697 3897 Gratianum
728 3841 761 3895 et
792 3849 941 3896 caeteros
972 3835 1150 3917 magistros
1172 3837 1390 3912 authenticos,

230 3939 285 4020 qui
310 3959 377 4001 non
394 3938 582 4000 habuerunt
599 3937 753 3999 notitiam
776 3936 921 4019 partium
945 3937 1185 4021 philosophiae,
1201 3939 1306 4004 sicut⁶
1328 3962 1389 4005 nec

230 4052 421 4125 praesentes
434 4066 441 4122 ;
464 4051 498 4104 et
515 4060 573 4124 per
595 4041 685 4104 dicta
709 4050 900 4103 sanctorum
924 4042 1112 4124 aliquorum
1135 4043 1305 4127 simplicia,
1322 4065 1388 4107 non

230 4147 455 4229 intelligentes
479 4166 598 4208 causas
621 4143 806 4207 antedictas
818 4145 838 4208 ⁶.
885 4145 974 4207 Nam
998 4147 1103 4210 sancti
1127 4156 1203 4230 post
1219 4147 1388 4211 Christum

231 4272 298 4314 non
322 4259 399 4314 sunt
422 4249 473 4313 usi
497 4247 603 4312 multa
626 4247 857 4331 philosophiae
880 4247 1054 4330 dignitate,
1076 4269 1142 4312 non
1167 4261 1304 4334 propter
1326 4253 1390 4315 hoc

232 4353 322 4437 quod
338 4355 411 4437 ipsa
434 4353 601 4442 sitsacris
624 4352 788 4416 contraria
812 4353 986 4417 sententiis
1008 4353 1061 4418 vel
1084 4354 1230 4437 indigna,
1245 4376 1323 4418 cum
1346 4356 1390 4418 ad

263 4539 273 4573 ¹
290 4541 334 4604 0.,
347 4557 428 4594 usum.
621 4536 632 4572 ²
648 4538 692 4600 0.,
705 4537 772 4603 prius
783 4539 892 4590 easdem.
1046 4536 1057 4570 ³
1072 4539 1118 4601 0.,
1131 4540 1163 4590 de
1174 4540 1341 4607 philosophia.

263 4620 275 4652 ⁴
291 4622 334 4684 0,,
349 4637 414 4675 cum.
424 4621 457 4672 V.
462 4658 469 4683 ,
482 4637 506 4673 a.
622 4617 632 4649 ⁶
646 4618 681 4683 J..
696 4620 948 4684 comprehenderunt
984 4618 1017 4670 Ο.
1030 4619 1074 4680 V.,
1087 4623 1312 4687 eomprehendunt.

263 4701 274 4735 ⁶
290 4705 323 4754 Ο.
337 4721 387 4754 om.
397 4703 464 4759 sicut
475 4718 521 4756 nec
533 4701 854 4768 praesentes-antedictas.

275 4801 375 4854 SUPP.
398 4799 480 4852 VOL.
808 4799 833 4848 D
