3559 5442
391 692 448 731 120
608 669 775 731 OPERIS
790 669 992 748 MAJORIS
1009 669 1130 730 PARS
1150 669 1330 730 TERTIA.

388 854 465 896 nam
489 853 562 896 raro
585 831 775 896 sufficiunt¹
797 832 994 916 interpretes
1017 830 1060 896 ad
1081 831 1335 914 intelligentiam
1352 829 1495 916 plenam,
1511 840 1546 893 et

387 937 490 1000 rarius
502 935 871 1000 inveniuntur²fideles
897 934 1054 1000 ¹Secunda
1066 955 1165 999 causa
1177 941 1228 998 e'st
1238 943 1373 1020 propter
1382 933 1545 1016 justitiam

386 1040 626 1122 requirendam.
671 1040 760 1104 Nam
776 1038 926 1103 infinitae
945 1039 1187 1122 'injuriaefiunt
1211 1039 1340 1103 Latinis
1355 1037 1445 1122 apud
1461 1038 1545 1102 alias

386 1144 537 1207 nationes
556 1165 575 1208 a
599 1142 705 1227 plebe,
719 1153 790 1207 tam
807 1143 933 1206 clericis
948 1162 1050 1226 quam
1073 1142 1165 1206 laicis
1180 1151 1214 1204 et
1237 1141 1397 1225 religiosis
1413 1161 1451 1204 ac
1468 1141 1546 1204 frat-

385 1247 476 1310 ribus
498 1246 782 1330 praedicatoribus
803 1255 837 1308 et
860 1246 1044 1310 minoribus
1058 1246 1116 1328 qui
1131 1245 1261 1309 vadunt
1284 1254 1419 1329 propter
1434 1245 1543 1308 varias

384 1351 546 1414 utilitates
563 1350 767 1415 Latinorum.
812 1349 880 1415 Sed
896 1343 975 1432 quia
998 1349 1127 1433 linguas
1150 1348 1303 1412 nesciunt
1319 1369 1386 1412 non
1401 1358 1543 1431 possunt

384 1474 495 1517 coram
515 1454 682 1537 judicibus
705 1474 822 1518 causas
845 1473 1004 1537 peragere
1025 1475 1086 1516 nec
1106 1453 1270 1537 justitiam
1287 1461 1542 1535 consequuntur.

383 1557 497 1622 Tertia
520 1566 692 1622 causaest
715 1568 851 1643 propter
874 1578 991 1641 pacem
1014 1555 1255 1621 obtinendam3
1276 1556 1362 1620 inter
1377 1556 1542 1641 principes

383 1661 520 1724 aliarum
534 1661 706 1725 nationum
718 1670 752 1725 et
765 1662 850 1725 inter
863 1661 1003 1724 Latinos
1015 1670 1049 1724 et
1061 1671 1098 1724 ut
1107 1659 1223 1744 [bella]
1235 1659 1391 1724 sedentur
1399 1660 1419 1723 ⁴.
1451 1660 1541 1724 Nam

382 1765 519 1847 quando
535 1765 642 1829 nuntii
658 1764 822 1828 solemnes
838 1786 915 1828 cum
931 1764 1034 1828 literis
1056 1773 1090 1828 et
1111 1763 1340 1828 instrumentis
1355 1763 1542 1845 diriguntur

382 1870 415 1931 in
440 1868 554 1951 lingua
575 1870 708 1959 propria
730 1889 774 1931 ex
798 1878 938 1951 utraque
961 1877 1063 1951 parte,
1079 1876 1219 1950 pereunt
1242 1866 1435 1950 saepissime
1453 1887 1541 1949 quae

381 1974 513 2055 magnis
533 1972 701 2036 laboribus
716 1980 749 2037 et
764 1973 922 2055 expensis
937 1981 1057 2057 coepta
1072 1980 1150 2034 sunt
1167 1979 1301 2055 propter
1316 1970 1539 2054 ignorantiam

381 2075 548 2139 idiomatis
560 2076 666 2139 alieni.
713 2076 759 2139 Et
769 2095 835 2139 non
846 2075 954 2139 solum
968 2075 1122 2139 nocivum
1135 2085 1196 2150 est,
1206 2074 1304 2138 valde
1315 2075 1539 2140 verecundum

380 2187 440 2255 est,
455 2179 591 2263 quando
608 2181 694 2243 inter
709 2199 825 2243 omnes
848 2179 1016 2262 sapientes
1036 2179 1231 2243 Latinorum
1249 2177 1387 2262 praelati
1404 2187 1437 2240 et
1453 2178 1540 2261 prin·

379 2283 468 2366 cipes
479 2305 547 2348 non
557 2285 729 2348 inveniunt
740 2305 844 2347 unum
856 2283 1026 2347 hominem
1036 2283 1093 2365 qui
1105 2303 1206 2346 unam
1217 2281 1345 2346 literam
1356 2281 1538 2346 Arabicam

377 2387 430 2450 vel
446 2385 608 2452 Graecam
621 2387 937 2471 sciat-interpretari,
949 2407 1010 2451 nec
1026 2387 1082 2450 uni
1098 2387 1217 2451 nuntio
1231 2385 1441 2470 respondere,
1452 2386 1539 2449 sicut

378 2491 558 2574 aliquando
586 2491 728 2569 accidit,
758 2501 795 2556 ut
825 2491 977 2555 intellexi
1008 2490 1099 2574 quod
1130 2489 1297 2556 Soldanus
1331 2489 1537 2572 Babyloniae

378 2597 509 2679 scripsit
540 2597 679 2662 domino
709 2596 795 2679 Regi
827 2595 987 2659 Franciae
1016 2596 1074 2678 qui
1104 2615 1192 2658 nunc
1223 2603 1282 2669 est,
1312 2603 1346 2658 et
1377 2614 1443 2659 non
1474 2594 1538 2658 luit

377 2701 532 2764 inventus
548 2701 581 2763 in
598 2710 670 2764 toto
689 2700 802 2764 studio
825 2699 1002 2764 Parisiensi
1025 2720 1086 2762 nec
1109 2699 1143 2762 in
1158 2707 1233 2766 toto
1256 2718 1360 2781 regno
1377 2699 1537 2766 Franciae

377 2803 435 2886 qui
454 2800 552 2867 sciret
568 2803 697 2867 literam
713 2803 915 2868 sufficienter
930 2823 1108 2887 exponere,
1124 2823 1185 2866 nec
1203 2803 1321 2868 nuntio
1337 2810 1375 2866 ut
1390 2803 1539 2885 oportuit

377 2910 585 2991 respondere
632 2908 678 2972 Et
702 2908 858 2972 dominus
885 2909 963 2970 Rex
990 2908 1033 2971 de
1057 2915 1152 2970 tanta
1178 2906 1367 2990 ignorantia
1392 2906 1537 2973 multum

329 3080 332 3084 ,
376 3011 567 3087 mirabatur,
596 3020 630 3074 et
659 3011 757 3075 valde
786 3013 817 3075 ei
851 3010 1020 3094 displicuit
1049 3009 1138 3094 quod
1171 3012 1218 3074 sic
1251 3009 1378 3074 invenit
1412 3009 1538 3076 clerum

375 3116 596 3198 ignorantem.

736 3314 1039 3403 [chamutum
1064 3319 1180 3406 xm]

420 3491 558 3555 Tertio⁵
578 3490 766 3576 linguarum
789 3493 937 3577 cognitio
960 3492 1145 3557 necessaria
1168 3501 1220 3556 est
1248 3493 1377 3557 Latinis
1402 3503 1540 3578 propter
1649 3487 1652 3492 ’

376 3596 625 3660 conversionem
640 3595 832 3662 infidelium.
879 3597 967 3662 Nam
981 3597 1014 3660 in
1032 3597 1186 3662 manibus
1203 3597 1398 3661 Latinorum
1414 3599 1539 3664 residet

376 3707 525 3781 potestas
541 3702 764 3767 con-vertendi.
801 3702 849 3766 Et
864 3702 939 3776 ideo
954 3711 1094 3786 pereunt
1110 3701 1228 3783 Judaei
1244 3701 1329 3764 inter
1345 3722 1405 3765 nos
1417 3701 1538 3766 infiniti

376 3803 455 3884 quia
477 3803 589 3868 nullus
612 3805 660 3868 eis
684 3805 746 3869 scit
768 3805 968 3888 praedicare,
983 3825 1044 3869 nec
1067 3805 1247 3888 scripturas
1270 3805 1478 3888 interpretari
1502 3807 1536 3870 in

375 3907 491 3991 lingua
502 3929 626 3987 eorum,
638 3930 699 3972 nec
710 3910 880 3975 conferrel
894 3931 970 3974 cum
983 3910 1030 3974 eis
1041 3930 1101 3974 nec
1112 3909 1281 3993 disputare
1290 3909 1390 3993 juxta
1401 3931 1538 3975 sensum

375 4009 545 4091 literalem,
560 4013 639 4094 quia
661 4021 695 4076 et
716 4034 828 4078 veram
844 4011 974 4077 literam
990 4012 1117 4077 habent
1133 4013 1193 4098 [et]
1208 4033 1285 4076 suas
1308 4013 1539 4096 expositiones

407 4153 416 4184 ¹
429 4155 572 4223 Paragraph
580 4157 642 4207 ends
653 4156 745 4207 herein
753 4157 785 4207 V.
796 4157 845 4207 and
852 4159 877 4224 J.
908 4157 946 4208 As
956 4157 1088 4223 explained
1100 4157 1240 4218 elsewhere,
1251 4158 1294 4208 the
1305 4157 1443 4208 remainder
1452 4159 1481 4208 ol
1490 4159 1541 4209 this

373 4243 437 4299 text,
450 4238 512 4288 with
523 4238 567 4289 the
578 4238 711 4304 exoeption
721 4239 751 4289 oi
758 4239 801 4291 the
811 4239 963 4304 concluding
973 4240 1124 4306 paragraph,
1134 4239 1155 4290 is
1163 4239 1226 4290 from
1233 4241 1258 4306 J.
1269 4241 1329 4305 only
1338 4239 1375 4302 (ff.
1388 4240 1539 4302 107-108bl,

373 4320 457 4371 where
467 4319 487 4370 it
498 4319 519 4370 is
529 4320 658 4386 displaced
670 4320 732 4371 from
743 4321 775 4371 its
785 4328 895 4373 context.

405 4399 461 4467 ²J.,
473 4401 606 4454 invenitur.
799 4401 855 4470 ⁸J.,
867 4402 1038 4456 abtinendam.
1203 4401 1214 4434 ⁴
1227 4403 1264 4468 J„
1276 4403 1404 4455 sedantur.

404 4481 459 4549 ³J.,
477 4483 574 4536 Tertio.
607 4485 690 4535 There
706 4483 728 4535 is
743 4501 778 4535 no
794 4483 932 4535 indication
947 4485 974 4536 in
990 4487 1034 4536 the
1051 4483 1108 4537 MS.
1128 4485 1158 4536 of
1170 4501 1185 4536 a
1198 4501 1254 4536 new
1265 4485 1386 4551 chapter;
1401 4486 1445 4538 but
1458 4486 1508 4548 this
1519 4487 1541 4537 is

372 4566 503 4711 obpiJously
513 4567 557 4695 thp
568 4566 634 4617 third
645 4566 675 4618 of
682 4568 753 4619 those
764 4567 909 4618 mentioned
920 4566 947 4617 in
958 4567 1001 4618 the
1013 4567 1067 4619 title
1079 4568 1156 4618 noted
1168 4583 1202 4618 on
1212 4584 1276 4634 page
1288 4578 1343 4633 115.

439 4681 457 4707 .,
471 4660 528 4695 cum
549 4661 610 4696 ene.
