3559 5442
372 689 417 758 '72
571 685 737 745 OPERIS
755 685 955 764 MAJORIS
972 686 1092 746 PARS
1110 685 1339 748 SECUNDA.

376 845 543 930 sapientes
554 845 671 910 Graeci
681 847 836 911 et‘Latini
846 846 896 910 usi
906 856 985 911 sunt
994 846 1244 933 eisaprincipio
1253 849 1419 914 ecclesiae.
1443 849 1534 915 Nam

377 949 495 1014 beatus
510 949 615 1032 Judas
631 949 673 1014 de
689 951 794 1015 libro1
811 952 930 1014 Enoch
947 953 1077 1034 accepit
1092 953 1334 1031 auctoritatem,
1350 963 1385 1017 et
1399 954 1536 1036 Augus-

377 1053 467 1116 tinus
479 1061 598 1136 quarto
610 1053 741 1136 [quinto
751 1053 918 1138 ἀθείῐηο]2
933 1056 975 1119 de
987 1054 1131 1119 Civitate
1145 1056 1208 1119 Dei
1222 1056 1364 1121 multum
1378 1056 1537 1120 fundatur

378 1177 476 1240 super
488 1157 581 1220 illum
594 1157 714 1221 librum
728 1166 765 1220 ut
776 1157 956 1222 ostendat³
970 1159 1060 1241 quod
1072 1160 1184 1242 prius4
1196 1160 1257 1223 fuit
1268 1161 1432 1243 sapientia
1444 1160 1535 1243 apud

378 1271 511 1324 sanctos
534 1281 635 1343 quam
660 1260 749 1344 apud
777 1261 1002 1345 philosophos,
1017 1272 1051 1326 et
1077 1263 1124 1326 ait
1147 1263 1237 1346 quod
1257 1263 1386 1347 magis⁵
1400 1274 1537 1347 propter

378 1365 515 1432 nimiam
540 1365 774 1447 antiquitatem
802 1365 856 1427 ille
881 1365 962 1428 liber
986 1386 1053 1428 non
1076 1376 1128 1430 est
1151 1368 1185 1430 in
1208 1369 1413 1444 auctoritate,
1434 1388 1536 1450 quarn

379 1478 513 1551 propter
528 1468 651 1534 aliud⁶.
693 1469 746 1533 De
769 1468 859 1532 libris
874 1479 987 1532 autem
1004 1468 1098 1533 aliis⁷
1121 1471 1335 1534 manifestum
1351 1469 1423 1534 est⁷
1445 1471 1537 1554 quod

379 1573 412 1636 in
428 1591 490 1634 usu
505 1581 695 1635 sanctorum
712 1581 745 1635 et
763 1573 953 1656 sapientum
976 1574 1189 1656 antiquorum
1213 1584 1291 1638 sunt
1316 1572 1450 1658 propter
1473 1576 1538 1638 hoc

379 1673 469 1757 quod
485 1674 602 1756 planas
617 1677 771 1740 veritates
787 1678 829 1740 de
845 1677 978 1741 Christo
994 1678 1164 1741 continere
1180 1688 1370 1742 noscuntur.
1427 1679 1538 1742 Philo-

379 1778 474 1861 sophi
491 1779 590 1860 igitur
604 1780 722 1842 curiosi
738 1789 772 1843 et
790 1780 968 1863 diligentes
989 1781 1023 1843 in
1045 1782 1158 1844 studio
1179 1781 1361 1864 sapientiae
1384 1803 1538 1866 peragra-

379 1890 457 1947 runt
473 1883 623 1965 regiones
635 1883 789 1960 diversas
802 1893 839 1947 ut
851 1885 1051 1967 sapientiam
1064 1885 1275 1967 inquirerent,
1287 1896 1321 1949 et
1332 1886 1425 1950 ideo8
1437 1886 1538 1950 libros

379 1986 531 2074 sanctos⁹
542 1987 791 2070 perlegeruntw,
802 1998 835 2051 et
846 1987 1064 2051 didicerunt1⁰
1075 1989 1118 2051 ab
1132 1988 1295 2054 Hebraeis
1308 1990 1420 2054 multa.
1448 1991 1538 2054 Nam

380 2090 555 2152 Avicenna
566 2091 598 2153 in
616 2092 779 2154 radicibus
792 2091 925 2159 moralis
936 2092 1166 2175 philosophiae
1176 2093 1297 2157 'recitat‘
1305 2093 1405 2156 verba
1417 2095 1539 2157 Esaiae

381 2194 423 2257 de
447 2195 514 2256 vita
539 2203 684 2270 aeterna,
706 2195 820 2258 dicens
846 2194 936 2261 illam
961 2216 1149 2278 essequam
1165 2197 1279 2261 oculus
1295 2219 1363 2261 non
1378 2198 1462 2264 vidit
1478 2219 1539 2260 nec

380 2297 467 2360 auris
491 2297 626 2374 audivit,
649 2308 683 2361 et
713 2301 829 2361 recitat
858 2299 950 2381 quod
962 2299 987 2336 Π
1010 2299 1223 2382 eleemosyna
1245 2301 1332 2364 tollit
1355 2311 1540 2385 peccatum,

380 2401 465 2464 sicut
480 2401 643 2484 propheta
657 2402 804 2464 veritatis
827 2402 917 2480 dicit,
928 2403 1054 2466 scilicet
1080 2404 1212 2467 Tobias,
1259 2405 1304 2468 Et
1330 2406 1541 2488 Augustinus

379 2503 451 2567 vult
467 2514 586 2568 octavo
602 2505 644 2568 de
660 2505 803 2579 Civitate
819 2506 884 2569 Dei
900 2505 990 2589 quod
1008 2507 1104 2570 Plato
1120 2506 1245 2590 legerat
1258 2509 1377 2572 librum
1391 2509 1542 2585 Genesis

381 2618 516 2691 propter
530 2609 730 2673 creationem
752 2611 867 2673 mundi
891 2630 992 2692 quam
1016 2611 1127 2693 posuit
1150 2611 1293 2675 similem
1312 2615 1342 2676 ei
1358 2634 1444 2696 quae
1454 2612 1479 2651 ¹2
1494 2613 1541 2675 ibi

298 2793 300 2795 Ι
381 2711 597 2790 describitur;
613 2723 647 2776 et
660 2714 750 2795 quod
767 2712 877 2795 legit1³
893 2712 1012 2793 librum
1027 2715 1180 2793 Exodi1³‚
1191 2727 1326 2800 propter
1341 2738 1463 2781 nomen
1476 2717 1541 2780 Dei

381 2814 471 2897 quod
488 2815 532 2878 ibi
549 2817 690 2899 ponitur,
701 2817 834 2893 scilicet,
845 2817 922 2899 Ego
936 2838 1009 2880 sum
1027 2816 1083 2901 dui
1099 2840 1182 2883 sum.
1216 2820 1304 2883 Nam
1320 2821 1383 2883 hoc
1399 2841 1478 2883 usus
1490 2831 1542 2902 est

383 2917 488 2997 Plato,
504 2929 536 2983 et
553 2921 630 2983 alibi
654 2941 721 2984 non
747 2922 857 3003 potuit
880 2922 1036 2998 invenire,
1053 2932 1089 2986 ut
1105 2923 1270 2986 consentit
1280 2923 1305 2961 ¹4
1320 2924 1542 3006 Augustinus.

382 3023 429 3087 Et
455 3035 585 3107 praeter
608 3045 718 3087 sacros
742 3024 843 3094 libros
859 3025 1072 3109 prophetales
1089 3026 1295 3110 patriarchae
1310 3037 1344 3090 et
1359 3028 1543 3111 prophetae

381 3136 640 3210 composuerunt
664 3128 764 3190 libros
787 3129 1026 3212 philosophiae,
1042 3131 1146 3193 immo
1169 3139 1276 3194 totam
1296 3132 1542 3215 philosophiam

382 3229 432 3293 bis
460 3231 686 3314 perfecerunt;
713 3239 747 3294 et
773 3233 863 3314 quod
892 3232 1082 3317 philosophi
1109 3255 1176 3297 non
1200 3234 1388 3298 habuerunt
1411 3236 1475 3298 nisi
1499 3237 1543 3299 ab

382 3320 437 3412 eis,
461 3336 546 3398 sicut
569 3334 768 3400 Aristoteles
791 3338 872 3401 dicit
881 3338 916 3414 1⁶,
938 3347 1110 3401 ostensum
1134 3346 1184 3401 est
1211 3338 1544 3422 inpraecedentibus

382 3422 562 3502 evidenter.
607 3440 652 3502 Et
668 3441 746 3522 quia
762 3460 829 3504 una
845 3449 896 3504 est
918 3441 1083 3524 sapientia
1098 3441 1265 3524 completa
1274 3442 1300 3480 1⁶
1322 3463 1408 3524 quae
1423 3445 1546 3507 sufficit

381 3541 530 3603 humano
552 3543 674 3624 generi,
689 3543 765 3607 ideo
787 3545 894 3607 sancti
917 3545 950 3607 in
973 3543 1065 3607 libris
1084 3545 1322 3629 philosophicis
1339 3547 1545 3610 miscuerunt

383 3643 495 3706 divina
519 3645 625 3709 multa
647 3668 722 3710 cum
739 3648 821 3724 aliis,
837 3658 1001 3730 quantum
1024 3649 1135 3730 potuit
1158 3649 1367 3732 philosophia
1389 3651 1544 3734 recipere.

385 3747 431 3810 Et
446 3757 581 3831 propter
596 3749 658 3813 hoc
674 3772 732 3834 per
749 3752 830 3814 istos
846 3751 947 3814 libros
960 3751 1208 3835 philosophicos
1224 3763 1414 3817 sanctorum
1438 3754 1546 3818 multa

384 3861 602 3934 perceperunt
617 3854 805 3938 philosophi
822 3855 864 3918 de
880 3855 1000 3918 divinis
1015 3855 1217 3919 veritatibus

416 4099 426 4131 ¹
444 4101 486 4161 0.,
501 4100 592 4150 dehoc
604 4102 701 4152 Enoch.
1095 4103 1106 4136 ²
1123 4106 1166 4167 0.,
1180 4105 1287 4159 decimo.

389 4240 392 4246 Ι
416 4179 427 4212 ⁸
443 4183 486 4241 V.,
501 4183 618 4235 ostendit.
1027 4233 1033 4247 ,
1080 4184 1107 4225 -⁴
1123 4187 1154 4236 V.
1169 4188 1213 4246 0.‚
1227 4187 1316 4252 primo.

416 4261 427 4293 ⁶
444 4264 486 4324 0.,
499 4265 559 4328 jam.
677 4321 679 4326 .
1094 4265 1106 4298 ⁸
1122 4269 1165 4330 0.,
1179 4269 1274 4334 aliquid
1284 4269 1360 4320 aliud.

417 4343 428 4377 ⁷
442 4345 477 4410 J.‚
491 4345 649 4396 manifestum
662 4354 699 4397 est
710 4348 773 4398 aliis.
1092 4347 1104 4381 ⁸
1120 4350 1152 4400 Ο.
1166 4366 1216 4400 om.
1230 4351 1296 4402 ideo.

416 4425 427 4459 ⁹
441 4427 465 4492 J.
480 4427 523 4489 0.,
538 4436 687 4480 sanctorum.
1079 4430 1101 4464 ¹⁰
1117 4433 1162 4494 0.,
1175 4434 1332 4498 perlegerant
1346 4440 1371 4484 et
1383 4434 1531 4487 didicerant.

405 4507 425 4539 ¹¹
443 4510 475 4559 O.
489 4526 538 4560 om.
553 4511 629 4576 quod.
1081 4512 1284 4580 12J.,qui[sic].

407 4587 426 4620 ¹³
443 4590 487 4654 0.,
500 4591 562 4655 legis
573 4593 664 4642 librum
676 4593 744 4658 legit,
759 4594 853 4644 scilicet
865 4595 955 4646 Exodi.
1081 4594 1102 4626 ¹⁴
1119 4595 1163 4658 0.,
1176 4596 1245 4651 dicit,

407 4670 427 4703 ¹⁵
444 4673 475 4724 0.
488 4689 538 4722 orn.
554 4674 616 4724 sicut
629 4671 775 4726 Aristoteles
787 4677 855 4726 dicit.
968 4734 971 4738 Α
1081 4674 1102 4708 ¹⁸
1119 4678 1151 4728 Ο.
1166 4695 1215 4727 om.
1230 4679 1363 4745 completa.
1447 4742 1449 4745 ι
