3559 5442
361 685 419 750 108
578 685 744 752 OPERIS
762 686 962 770 MAJORIS
980 686 1100 752 PARS
1122 686 1301 753 raam.

359 874 462 929 amen,
475 853 551 917 licet
567 855 610 917 sit
627 854 831 932 Hebraeum,
845 855 966 919 dicitur
981 855 1024 918 ab
1039 879 1060 918 a
1076 855 1225 924 Graeca¹
1242 857 1488 940 praepositione
1499 855 1520 933 ¹,

359 958 449 1039 quod
472 967 523 1021 est
545 959 625 1038 sine,
647 968 681 1022 et
703 980 792 1022 mene
814 958 951 1034 Graec0,
975 958 1064 1042 quod
1093 971 1143 1024 est
1167 959 1326 1025 defectus.
1373 960 1516 1026 Etcum

358 1059 539 1126 Parasceve
552 1062 595 1125 sit
618 1062 795 1140 Graecum,
808 1062 950 1127 dicimus
973 1065 1063 1145 quod
1080 1063 1200 1127 dicitur
1222 1084 1243 1127 a
1258 1075 1342 1145 paro
1358 1075 1464 1145 paras
1485 1075 1521 1127 et

357 1187 594 1244 menomenae,
620 1188 706 1249 quae
739 1177 817 1231 sunt
849 1168 980 1233 Latina.
1041 1167 1109 1231 Et2
1133 1167 1249 1232 dicunt
1278 1169 1369 1251 quod
1400 1170 1519 1252 dogma

358 1269 488 1334 dicatur
502 1291 522 1334 a
537 1271 635 1347 doceo,
649 1279 683 1334 et
704 1272 794 1354 quod
808 1272 972 1353 jubileum
996 1294 1016 1335 a
1028 1271 1137 1353 J'ubilo
1147 1270 1167 1348 1,
1190 1281 1224 1335 et
1246 1272 1292 1335 sic
1316 1274 1358 1339 de
1374 1271 1520 1351 infinitis

357 1373 444 1456 quae
467 1375 579 1437 omnia
603 1374 685 1437 falsa
716 1377 805 1438 sunt
849 1377 895 1439 Et
919 1396 986 1439 non
1014 1375 1121 1439 solum
1149 1375 1268 1459 vulgus
1297 1377 1519 1442 Latinorum¹

357 1477 440 1541 sed³
455 1486 605 1541 auctores
617 1479 650 1542 in
664 1479 674 1516 ¹
689 1479 761 1542 his¹
777 1479 951 1554 oberrant3
967 1489 1004 1543 ut
1022 1478 1197 1561 Hugutio⁴
1212 1488 1245 1543 et
1261 1479 1333 1562 ejus
1349 1501 1520 1562 sequaces,

358 1582 439 1663 qui⁵
453 1583 632 1646 aestimant
641 1581 806 1664 jubileum
820 1605 839 1646 a
852 1583 961 1665 jubilo
972 1583 1121 1659 derivari,
1134 1592 1210 1647 c'um
1226 1592 1340 1648 tamen
1356 1583 1518 1665 Jubileum

356 1683 459 1749 debet
473 1707 545 1749 esse
565 1686 765 1763 Hebraeum,
777 1688 833 1751 et¹
846 1686 971 1769 jubilus
987 1697 1038 1751 est
1050 1688 1216 1751 Latinum.
1256 1683 1324 1753 Sed
1341 1696 1401 1752 nec
1418 1687 1521 1752 debet

358 1788 427 1852 dici
438 1789 616 1871 jubileum,
639 1800 675 1854 ut
691 1791 783 1854 litera
807 1793 823 1854 i
841 1791 884 1854 sit
900 1792 931 1854 in
949 1791 1096 1855 secunda
1111 1791 1241 1874 syllaba
1256 1793 1390 1860 sicutin
1404 1792 1521 1875 jubilo,

358 1893 462 1956 immo
484 1894 585 1958 debet
608 1895 652 1958 ibi
676 1916 786 1958 essee
812 1895 906 1958 litera
933 1905 969 1958 ut
992 1895 1121 1959 dicatur
1142 1895 1294 1976 jubeleus
1305 1895 1325 1971 1,
1348 1898 1433 1960 sicut
1449 1896 1521 1960 vult

354 1996 506 2060 isidorus
529 2008 562 2062 et
587 2001 716 2082 Papias,
730 2009 764 2062 et
787 2021 904 2063 omnes
928 1999 1001 2063 libri
1025 2001 1152 2083 antiqui
1177 2001 1223 2063 s'ic
1247 2001 1381 2066 habent.
1430 2001 1519 2064 Nam

358 2099 473 2164 diciter
488 2123 508 2164 a
520 2102 621 2184 jobel,
637 2106 727 2186 quod
744 2114 794 2167 est
813 2103 1015 2167 Hebraeum.

719 2458 721 2461 ·
771 2423 995 2490 Carnutum
1021 2424 1115 2489 Vll.8

397 2623 571 2708 'Quoniam
589 2633 701 2687 autem
718 2626 841 2689 scimus
857 2625 947 2707 quod
973 2624 1078 2688 multa
1094 2624 1265 2702 vocabula,
1280 2645 1367 2706 quae
1383 2635 1461 2689 sunt
1485 2627 1519 2689 in

358 2750 419 2792 usu
437 2729 644 2806 Latinorum,
659 2726 782 2793 debent
799 2730 925 2812 exponi
942 2750 1000 2812 per
1015 2728 1097 2792 alias
1113 2730 1253 2810 linguas,
1269 2729 1392 2792 assueti
1410 2730 1441 2792 in
1456 2729 1520 2792 hoc

357 2832 521 2897 credimus
545 2833 635 2915 quod
653 2832 751 2914 longe
774 2834 988 2916 pluraquam
1012 2833 1134 2896 veritas
1150 2833 1193 2896 sit
1209 2833 1365 2914 capiant⁹
1388 2843 1520 2916 etymo-

357 2936 479 3020 logiam
506 2936 647 3000 aliunde.
696 2938 782 2999 Nam
815 2937 885 3000 sola
919 2937 974 3000 illa
1001 2936 1163 3000 vocabula
1189 2945 1275 3019 quae
1306 2937 1456 3000 oriuntur
1485 2947 1520 3001 et

357 3041 547 3105 derivantur
563 3063 607 3105 ex
619 3040 644 3079 ¹¹
660 3040 789 3104 Graeco
808 3051 842 3104 et
868 3041 1025 3104 Hebraeo
1041 3040 1164 3103 debent
1178 3040 1299 3104 habere
1323 3042 1520 3124 interpreta-

358 3144 512 3209 tionem¹¹
525 3154 583 3227 per
596 3145 726 3227 linguas
739 3143 819 3208 illas.
851 3145 903 3208 Ea
916 3146 1004 3208 enim
1018 3165 1104 3227 quae
1116 3144 1226 3228 pure¹²
1239 3146 1360 3208 Latina
1371 3145 1395 3182 ¹¹
1407 3156 1485 3209 sunt
1495 3146 1520 3184 11

358 3271 425 3313 non
450 3258 590 3332 possunt
614 3249 735 3312 habere
762 3250 1008 3331 expositionem
1033 3249 1095 3312 nisi
1119 3270 1177 3332 per
1200 3249 1361 3313 vocabula
1386 3251 1515 3316 Latina.

359 3353 447 3417 Nam
472 3354 589 3436 purum
616 3352 773 3416 Latinum
797 3363 847 3416 est
871 3353 1009 3417 omnino
1025 3353 1191 3417 diversum
1214 3357 1257 3418 ab
1280 3354 1372 3417 omni
1396 3355 1520 3438 lingua,

356 3467 390 3522 et
414 3458 489 3521 ideo
512 3479 577 3520 non
603 3456 718 3540 recipit
731 3456 756 3495 ¹3
783 3458 1091 3540 interpretationem
1120 3456 1262 3524 aliunde.
1310 3459 1378 3523 Sed
1404 3459 1517 3523 Latini

357 3563 420 3625 hoc
436 3583 501 3623 non
520 3560 740 3638 considerant,
756 3563 860 3624 immo
876 3560 1102 3627 indifferenter
1126 3583 1207 3644 pura
1224 3562 1345 3626 Latina
1363 3583 1420 3646 per
1435 3562 1519 3626 alias

356 3661 769 3744 linguasinterpretantur,
779 3662 864 3725 sicut
874 3660 898 3699 ¹¹
914 3683 933 3724 a
946 3660 1081 3726 Graecis
1093 3661 1248 3725 derivata.
1291 3661 1391 3726 Unde
1404 3663 1518 3726 multis

252 3753 256 3761 ⁴
358 3767 466 3830 modis
492 3765 555 3828 hoc
578 3775 704 3828 nomen
735 3766 867 3838 caelum,
893 3767 984 3848 quod
1001 3775 1061 3828 'est
1087 3787 1167 3849 pure
1196 3765 1363 3843 Latinum,
1391 3766 1519 3830 Graece

356 3871 614 3952 interpretantur
624 3868 657 3944 ¹¹,
674 3870 822 3933 dicentes
838 3869 950 3952 qu0d¹
975 3869 1102 3935 caelum
1119 3870 1238 3932 dicitur
1261 3880 1422 3952 tanquam
1443 3893 1519 3934 casa

390 4047 398 4078 ¹
411 4048 525 4099 Omitted
536 4047 562 4096 in
575 4050 607 4098 O.
1012 4047 1066 4099 ²0.
1081 4049 1155 4098 omits
1167 4049 1201 4097 Et
1212 4048 1418 4113 dicunt—jubilo

388 4130 454 4192 ³0,
468 4131 607 4181 sedetiam.
1013 4130 1068 4194 ¹J.,
1084 4131 1208 4194 Hugocio.
1246 4133 1289 4191 O.,
1305 4132 1389 4196 Hugo.

388 4212 398 4243 1
410 4215 441 4264 Ο.
455 4213 530 4263 omits
541 4214 584 4277 qui
595 4211 787 4262 aestimant-to
799 4213 847 4262 end
859 4212 889 4262 of
898 4214 1006 4277 chapter.

388 4294 398 4326 1
409 4304 435 4345 et
445 4296 551 4344 omitted
563 4310 592 4345 or
603 4294 689 4344 erased
700 4295 727 4343 in
737 4296 762 4359 J.
1009 4294 1064 4358 ⁷J.,
1075 4294 1183 4359 jubileus
1195 4295 1258 4356 (sic).

388 4376 474 4426 ⁸Title
491 4377 517 4426 in
534 4377 631 4440 margin
642 4376 671 4426 ol
682 4377 707 4440 J.
720 4395 727 4426 z
741 4377 891 4441 ‘capitulum
905 4376 1004 4426 tertium
1015 4378 1094 4441 q[uod
1111 4393 1162 4426 non
1174 4377 1278 4438 delbeut
1294 4379 1416 4427 vocabula
1432 4377 1517 4443 [pu]re

357 4459 447 4508 Latina
458 4458 572 4524 [exponi]
584 4475 628 4523 per
639 4459 783 4508 Graecum'

388 4540 455 4603 1’0.,
469 4540 578 4604 capiunt.
1001 4540 1054 4605 ¹⁰J.
1070 4543 1113 4601 O.,
1126 4557 1164 4590 ex.
1201 4541 1243 4601 V.,
1257 4558 1280 4590 a.

381 4621 399 4653 ¹¹
412 4624 456 4680 Ο..
470 4622 693 4686 interpretationes.
1001 4622 1021 4652 ¹¹
1029 4624 1065 4689 J.‚
1079 4639 1140 4687 pura
1150 4623 1318 4674 sunt'Latina.

379 4703 399 4735 ¹¹
411 4707 455 4766 O.,
469 4714 550 4770 potest
562 4705 661 4754 habere.
999 4703 1019 4738 11
1031 4706 1062 4756 Ο.
1077 4705 1151 4755 omits
1162 4705 1459 4771 sicut-interpretantur.
