3559 5442
435 659 470 714 16
662 659 830 720 OPERIS
847 660 917 720 MA
913 657 1049 739 JORIS
1065 660 1186 720 PARS
1201 663 1363 722 PRIMA.

430 813 643 898 Deum,venit
657 813 887 905 Hieronymus
900 843 999 905 super
1011 818 1177 898 Genesim,
1187 832 1221 886 et
1233 822 1353 906 probat
1365 822 1503 886 falsam1
1515 844 1581 889 esse

429 925 675 1006 expositionem
706 945 765 1008 per
801 925 946 989 rationes
976 926 1226 1009 irrefragabiles,
1247 927 1333 990 sicut
1360 927 1496 991 inferius
1525 949 1580 990 ex·

428 1036 577 1110 ponetur.
633 1029 734 1093 Unde
760 1029 850 1102 dicit,
877 1027 1040 1110 Quamvis
1070 1031 1278 1094 auctoritatis
1308 1031 1383 1109 sint,
1410 1040 1444 1093 et
1469 1052 1579 1094 eorum

427 1133 545 1195 umbra
569 1151 630 1195 nos
654 1133 830 1216 opprimat,
853 1132 934 1215 qui2
958 1132 1060 1196 Israel
1082 1135 1189 1197 virum
1212 1135 1381 1197 videntem
1399 1135 1511 1198 Deum
1536 1137 1580 1197 in·

426 1237 597 1320 terpretati
613 1246 700 1314 sunt,
711 1246 824 1301 tamen
842 1237 949 1320 magis
965 1239 1191 1301 consentimus
1211 1239 1286 1301 Deo
1308 1238 1360 1302 vel
1383 1238 1504 1320 angelo
1526 1241 1579 1321 qui
1653 1242 1656 1247 '

426 1341 489 1404 hoc
505 1361 627 1404 nomen
644 1342 811 1425 imposuit,
826 1361 928 1424 quam
945 1341 1093 1404 auctori⁸
1108 1341 1247 1423 alicujus
1264 1342 1474 1425 eloquentiae
1490 1363 1579 1406 secu·

425 1445 510 1508 laris.
557 1445 603 1508 Et
625 1445 776 1508 doctores
799 1445 953 1508 catholici
977 1446 1010 1508 in
1036 1445 1155 1508 studiis
1182 1446 1386 1509 solemnibus
1409 1449 1579 1510 constituti

426 1569 514 1613 nunc
541 1550 700 1633 temporis
731 1550 764 1612 in
791 1549 933 1632 publicis
964 1549 1093 1613 multa4
1123 1559 1335 1613 mutaverunt
1362 1571 1449 1632 quae
1473 1552 1579 1614 sancti

426 1655 593 1733 dixerunt,
608 1675 666 1718 eos
682 1653 757 1737 pie⁵
773 1663 984 1737 exponentes
1001 1664 1041 1717 ut'
1053 1663 1195 1738 possunt
1210 1655 1302 1717 salva
1316 1655 1463 1719 veritate.

837 1845 1065 1911 CAP1TULuM
1081 1845 1163 1910 v11.

468 1983 636 2066 Quoniam
650 1982 750 2065 igitur
761 1983 842 2046 haec
855 1983 902 2045 ita
914 2004 949 2046 se
964 1965 1097 2058 habent,
1108 2003 1174 2045 non
1187 1992 1318 2068 oportet
1330 2004 1391 2046 nos
1401 1983 1577 2048 adhaerere

424 2088 579 2151 omnibus
616 2107 702 2169 quae
739 2085 927 2149 audivimus
964 2096 998 2149 et
1035 2086 1185 2168 legimus,
1215 2087 1273 2150 sed
1300 2087 1497 2173 examinare
1523 2088 1577 2150 de·

423 2193 541 2256 bernus
571 2191 813 2254 districtissime
839 2191 1022 2254 sententias
1045 2191 1220 2273 majorum,
1242 2199 1279 2253 ut
1305 2190 1469 2254 addamus
1492 2213 1577 2275 quae

423 2297 470 2360 eis
496 2295 682 2368 defuerunt,
705 2304 738 2357 et
761 2295 965 2376 corrigamus
993 2315 1079 2376 quae
1106 2304 1214 2357 errata
1250 2304 1338 2372 sunt,
1375 2316 1450 2358 curn
1485 2295 1577 2359 omni

422 2400 558 2464 tarnen⁰
581 2398 744 2462 modestia
759 2408 793 2461 et
811 2399 1035 2462 excusatione.
1082 2399 1128 2461 Et
1143 2398 1185 2460 ad
1202 2398 1288 2461 hanc
1306 2398 1479 2462 audaciam
1496 2400 1577 2482 eri-gi

422 2523 610 2587 possumus,
639 2523 705 2566 non
736 2501 844 2564 solum
875 2512 1011 2584 propter
1040 2502 1283 2575 necessitatem,
1312 2522 1355 2564 ne
1384 2500 1577 2566 deficiamus

421 2606 473 2670 vel
499 2625 653 2703 erremus
677 2601 759 2668 sed⁷
781 2625 839 2687 per
862 2604 1019 2687 exempla
1041 2612 1075 2666 et
1097 2605 1313 2666 auctoritates
1336 2625 1459 2682 eorum,
1482 2615 1520 2668 ut
1542 2607 1576 2668 in

371 2758 376 2764 .
422 2710 513 2774 nullo
540 2709 642 2771 simus
669 2707 941 2790 reprehensibiles
966 2709 1008 2770 de
1034 2708 1312 2790 praesumptione.
1366 2707 1454 2770 Nam
1479 2708 1577 2773 Plato

421 2814 511 2889 dicit,
527 2813 667 2875 Amicus
690 2821 741 2875 est
764 2809 919 2876 Socrates
942 2812 1102 2893 magister
1128 2831 1230 2887 meus,
1253 2811 1320 2873 sed.
1335 2812 1441 2893 magis
1468 2813 1577 2875 amica

418 2919 548 2981 veritas.
594 2915 640 2978 Et
656 2913 854 2977 Aristoteles
870 2913 950 2977 dicit
965 2935 1001 2976 se
1016 2913 1122 2995 magis
1137 2913 1222 2977 velle
1237 2913 1366 2976 veritati
1382 2916 1578 2994 consentire,

419 3042 520 3104 quam
538 3020 704 3082 amicitiae
728 3017 876 3081 Platonis
892 3017 1037 3080 doctoris
1060 3018 1163 3080 nostri
1186 3017 1354 3080 carissimi.
1412 3017 1506 3081 Haec
1530 3035 1576 3082 ex

418 3127 487 3188 vita
504 3122 692 3186 Aristotelis
708 3131 742 3185 et
757 3122 865 3205 primo
882 3121 1078 3184 Ethicorum
1095 3131 1128 3184 et
1144 3121 1227 3184 libro
1244 3121 1453 3186 Secretorum
1470 3125 1576 3185 mani-

344 3301 347 3305 ,
414 3230 504 3301 [festa
530 3236 617 3290 sunt.
663 3226 708 3288 Et
732 3226 860 3290 Seneca
883 3224 964 3288 dicit
986 3225 1042 3288 in8
1065 3224 1148 3287 libro
1170 3225 1213 3288 de
1235 3235 1381 3307 quatuor
1396 3226 1576 3290 virtutibus

418 3330 649 3406 cardinalibus
674 3330 751 3393 Non
775 3339 808 3392 te
832 3339 965 3392 moveat
988 3328 1128 3392 dicentis
1152 3330 1341 3414 auctoritas.
1388 3329 1463 3391 Non
1489 3332 1577 3417 quis,

418 3437 476 3499 sed
508 3434 588 3517 quid
612 3433 703 3496 dicat
729 3431 923 3495 intendit0⁹.
979 3433 1024 3495 Et
1055 3433 1192 3496 Boetius
1223 3432 1306 3494 libro
1333 3431 1375 3494 de
1398 3434 1578 3516 disciplina

418 3538 627 3615 scholarium,
643 3536 809 3601 ‘Stultum
827 3545 877 3599 est
894 3537 1107 3618 magistratus
1123 3536 1328 3599 orationibus
1344 3537 1482 3599 omnino
1494 3558 1577 3601 con·

413 3642 526 3718 fidere,
550 3662 628 3704 nam
655 3641 763 3724 primo
789 3639 1002 3716 credendum,
1019 3639 1126 3703 donec
1148 3639 1300 3704 videatur
1323 3639 1403 3722 quid
1429 3642 1578 3721 sentiat3

416 3755 534 3830 postea
560 3755 610 3809 est
637 3744 832 3827 fingendum
859 3745 1003 3806 eundern
1038 3745 1071 3807 in
1106 3744 1249 3807 dicendo
1280 3764 1413 3819 errasse,
1437 3744 1463 3805 si
1488 3744 1577 3808 forte

416 3850 558 3935 reperire
585 3858 686 3931 queat
713 3847 894 3930 discipulus
921 3847 1012 3930 quod
1038 3848 1236 3910 commissae
1262 3847 1376 3910 obviat
1402 3846 1577 3911 sedulitati

415 3952 651 4037 magistralifflss‘
706 3953 752 4015 Et
779 3952 990 4034 Augustinus
1020 3952 1100 4015 dicit
1123 3953 1165 4015 ad
1191 3952 1448 4033 Hieronymum,
1479 3952 1576 4034 quod

415 4059 504 4122 solos
534 4066 684 4121 auctores
715 4057 897 4140 scripturae
928 4077 1040 4119 sacrae
1066 4055 1137 4118 vult
1164 4054 1296 4118 credere
1330 4055 1364 4117 in
1394 4055 1577 4118 scribendo

446 4188 456 4220 ¹
473 4191 517 4250 0.,
531 4189 620 4238 salsum
632 4205 693 4249 esse,
708 4188 824 4252 omitting
834 4203 909 4237 seven
919 4186 1049 4250 following
1060 4187 1148 4237 words·

446 4267 495 4333 ²J.
510 4268 552 4328 O.,
566 4267 618 4331 qui.
652 4266 695 4327 V.,
710 4266 787 4331 quod.
1194 4262 1253 4329 ⁸J.,
1267 4262 1417 4315 auctoritati
1519 4277 1523 4285 “

446 4348 458 4379 ⁴
474 4350 507 4414 J.,
521 4349 599 4398 multa
610 4354 775 4398 mutaverunt.
811 4347 842 4397 V.
856 4363 906 4397 om.
920 4354 1088 4398 mutaverunt.
1195 4343 1206 4376 ¹⁵
1220 4347 1255 4411 J.,
1269 4362 1312 4396 eos
1324 4347 1373 4412 pie.
1409 4346 1440 4398 V.
1455 4363 1504 4398 om.
1519 4363 1578 4400 eos

446 4428 458 4461 ¹¹
473 4431 497 4496 J.
511 4429 556 4490 0.,
570 4429 639 4479 omni
651 4437 742 4479 tamen.
778 4428 810 4478 V.
824 4444 874 4478 orn.
889 4428 967 4479 omni.
986 4460 988 4463 .

448 4511 562 4576 ⁷J.,vel
573 4528 623 4576 per.
660 4511 691 4561 Ο.
706 4511 809 4573 andV.,
823 4511 867 4561 sed
879 4526 931 4575 per.
1193 4508 1242 4576 ⁸J.
1254 4509 1330 4560 omits
1340 4509 1374 4561 iu.

447 4591 459 4625 ⁹
475 4594 506 4644 Ο.
521 4610 570 4644 orn.
584 4594 652 4643 dicat
662 4593 794 4643 intendito.
1473 4625 1474 4628 =

412 4673 457 4708 ·¹⁰
474 4675 505 4727 V.
519 4692 568 4726 orn.
584 4676 618 4724 Et
629 4674 888 4725 Boetius-sedulitati
900 4673 1043 4740 magistrali.
1076 4674 1100 4739 J.
1115 4673 1158 4736 0.,
1172 4672 1229 4739 give
1241 4673 1283 4724 the
1294 4687 1398 4740 passage
1463 4717 1466 4722 .
1525 4691 1529 4695 ·
