3559 5442
395 617 433 675 86
615 617 780 677 OPERIS
803 617 871 675 MA
867 616 1002 694 JORIS
1020 616 1139 675 PARS
1162 616 1339 675 TERTIA.

394 788 428 844 et
459 779 554 844 uobis
593 780 700 862 magis
735 790 786 843 est
817 777 1004 843 necessaria
1034 779 1105 842 sine
1131 779 1389 861 comparatione,
1416 799 1553 841 necesse

394 893 446 947 est
486 893 522 947 ut
559 883 741 947 habeamus
779 887 977 966 argumenta
1015 883 1056 946 ad
1096 881 1337 946 excitandum¹
1368 881 1552 965 practicum

394 987 610 1063 intellectum,
640 987 816 1071 praecipue
847 1007 922 1050 cum
952 987 1058 1069 magis
1089 984 1215 1049 simus¹¹
1253 986 1374 1049 infirmi
1416 984 1465 1048 in'
1487 986 1551 1049 hac

394 1100 488 1174 parte
514 1112 614 1172 quam
643 1093 675 1154 in
703 1091 938 1176 speculatione
984 1089 1143 1155 Libenter
1173 1091 1262 1153 enim
1290 1110 1407 1153 omnes
1436 1100 1552 1172 gusta-

394 1216 467 1258 mus
512 1196 555 1258 de
590 1195 681 1278 ligno
716 1196 873 1259 scientiae
906 1193 962 1258 et³
994 1193 1073 1257 boni
1105 1204 1139 1258 et
1177 1195 1264 1269 mali,
1302 1194 1360 1257 sed
1399 1193 1551 1258 difficiles

392 1301 506 1361 sumus
543 1298 586 1360 ad
603 1349 605 1352 .
625 1297 752 1380 lignum
790 1298 878 1360 vitae
913 1307 949 1361 ut
980 1297 1139 1360 virtutum
1171 1295 1370 1378 dignitatem
1402 1295 1550 1379 amplec-

393 1411 502 1465 tamur
547 1412 681 1485 propter
725 1401 869 1466 suturam
905 1401 1104 1464 felicitatem.
1166 1399 1379 1483 Quapropter
1416 1409 1552 1483 oportet

391 1505 481 1586 quod
505 1505 627 1568 habeat
650 1505 835 1568 intellectus
858 1505 1023 1588 practicus
1046 1525 1106 1568 sua
1130 1503 1306 1586 adjutoria,
1326 1513 1360 1566 et
1383 1504 1550 1568 excitetur

393 1630 450 1691 per
474 1610 606 1692 propria
631 1617 828 1692 argumenta
853 1609 938 1672 sicut
964 1607 1187 1691 speculativus
1211 1628 1270 1691 per
1290 1627 1359 1672 sua.
1404 1608 1449 1670 Et
1472 1607 1551 1671 ideo

393 1733 526 1777 necesse
541 1712 603 1776 fuit
619 1723 656 1777 ut
667 1712 873 1776 traderetur4
889 1711 1062 1776 doctrina3
1078 1715 1120 1778 de
1135 1713 1186 1774 his
1201 1712 1414 1794 argumentis,
1428 1712 1551 1794 quibus

395 1815 526 1878 moralis
549 1816 758 1899 philosophia
781 1825 815 1878 et
838 1816 1007 1898 theologia
1029 1826 1167 1880 utuntur
1197 1815 1414 1880 abundanter.
1459 1815 1548 1879 Nam

391 1921 475 1982 sicut
497 1920 744 2003 speculativae⁵
758 1921 916 1983 scientiae
939 1919 1087 2002 gaudent
1109 1920 1314 2004 argumentis
1336 1919 1550 2003 speculativis

391 2024 556 2107 opinionis
593 2034 627 2087 et
664 2025 821 2089 scientiae
859 2023 979 2101 nudae,
1017 2025 1063 2086 sic
1108 2026 1273 2107 practicae
1310 2023 1476 2100 scientiae,
1512 2035 1550 2089 ut

391 2123 560 2206 theologia
582 2134 616 2187 et
639 2124 772 2187 moralis
803 2124 1013 2206 philosophia
1037 2125 1190 2206 practica,
1215 2125 1425 2187 considerant
1451 2145 1549 2206 argu-

391 2238 512 2303 menta,
528 2229 648 2310 quibus
664 2229 707 2292 ad
724 2229 865 2312 praxim,
882 2227 916 2291 id
932 2238 983 2292 est
999 2229 1041 2292 ad
1058 2249 1143 2312 opus
1159 2230 1294 2304 bonum,
1312 2229 1499 2292 excitemur
1514 2239 1549 2292 et

322 2371 324 2374 -
390 2332 562 2395 flectamur
584 2335 626 2395 ad
650 2353 798 2395 amorem
822 2333 989 2395 felicitatis
1011 2341 1172 2396 aeternae.
1220 2331 1266 2396 Et
1288 2332 1363 2395 hic⁶
1378 2342 1455 2396 sunt
1478 2333 1548 2396 duo

391 2435 481 2499 modi
498 2436 652 2500 flectendi
669 2458 736 2500 nos.
785 2437 882 2501 Unus
897 2447 948 2500 est
964 2438 1020 2519 qui
1044 2445 1218 2519 promovet
1240 2436 1389 2500 animum
1413 2436 1455 2499 ad
1479 2457 1548 2501 cre-

390 2539 537 2603 dendum
553 2551 587 2604 et
602 2540 878 2603 consentiendum
903 2549 936 2603 et
960 2541 1261 2602 commiserandum
1284 2549 1318 2603 et
1338 2542 1546 2623 ,compatien-

389 2645 470 2707 dum
480 2642 492 2682 ⁷
504 2654 538 2707 et
550 2645 592 2708 ad
611 2645 825 2726 hujusmodi8
841 2657 944 2722 actus
960 2655 994 2708 et
1010 2645 1092 2707 sua⁹
1107 2644 1271 2707 contraria
1286 2666 1362 2708 cum
1379 2666 1514 2707 necesse
1524 2645 1550 2684 ¹⁰

390 2758 440 2811 est
450 2747 494 2825 ¹⁰3
518 2759 551 2812 et
567 2749 630 2811 hoc
646 2758 879 2830 argumentum
896 2758 1034 2811 vocatur
1057 2748 1266 2824 rhetoricum,
1280 2758 1314 2811 et
1330 2758 1381 2811 est
1397 2760 1548 2831 respectu

390 2850 576 2915 intellectus
603 2852 739 2935 practici
770 2852 855 2914 sicut
880 2861 1114 2933 argumentum
1136 2851 1347 2914 dialecticum
1378 2850 1422 2914 ad
1454 2854 1549 2916 intel-

390 2956 512 3019 lectum
536 2957 785 3038 speculativum.
833 2956 921 3019 Nam
932 2956 956 2993 ¹¹
980 2956 1058 3018 lacit
1082 2955 1226 3019 debilem
1243 2955 1405 3032 habitum,
1420 2956 1548 3020 scilicet

390 3062 649 3143 persuasionem
661 3060 866 3123 credulitatis
890 3068 924 3122 et
947 3058 1023 3122 fidei
1034 3059 1067 3137 ¹¹,
1083 3069 1120 3123 ut
1136 3069 1293 3140 sequatur
1308 3056 1441 3123 habitus
1456 3082 1548 3125 com-

389 3164 507 3247 pletus,
537 3164 593 3246 qui
624 3173 675 3226 est
686 3162 711 3202 ¹³
740 3183 834 3227 amor
864 3163 979 3227 crediti
1013 3174 1048 3227 et
1084 3163 1219 3226 dilectio
1257 3185 1316 3246 per
1352 3164 1545 3247 opinionem

391 3267 653 3330 confirmanda¹¹
689 3268 733 3330 Et
749 3268 801 3330 hic
814 3267 948 3330 habitus
957 3267 982 3305 ¹¹
998 3269 1053 3350 qui
1068 3267 1170 3330 flectit
1183 3289 1243 3330 nos
1255 3268 1298 3331 ad
1311 3289 1458 3332 amorem
1470 3270 1551 3334 boni

390 3372 498 3455 operis
514 3371 654 3434 habetur
670 3391 727 3454 per
743 3381 976 3454 argumentum
994 3373 1170 3456 poeticum,
1183 3373 1260 3454 quia
1276 3381 1395 3455 poetae
1406 3394 1551 3452 veraces,

392 3485 429 3539 ut
457 3475 617 3539 Horatius
643 3475 755 3539 etalii
784 3475 902 3540 Graeci
928 3486 962 3540 et
989 3477 1109 3553 Latini,
1133 3477 1213 3539 vitia
1240 3487 1485 3558 prosequuntur
1515 3490 1549 3541 et

389 3581 527 3642 virtutes
540 3579 763 3661 magnificant,
773 3589 810 3643 ut
820 3580 1007 3644 alliciantur
1018 3581 1168 3644 homines
1185 3579 1227 3642 ad
1241 3600 1387 3643 amorem
1398 3580 1423 3619 ¹⁵
1435 3581 1514 3644 boni
1526 3583 1551 3622 ¹⁵

388 3693 422 3746 et
437 3682 551 3746 odium
569 3683 704 3765 peccati.
751 3684 839 3747 Nam
855 3693 892 3747 ut
908 3683 963 3747 ille
972 3684 997 3722 ¹⁶
1011 3685 1102 3758 dicit,

631 3827 686 3881 Aut
699 3827 832 3896 prodesse
844 3828 938 3882 volunt
949 3836 997 3882 aut
1013 3827 1148 3882 delectare
1161 3836 1267 3894 poetae.

631 3911 723 3965 Omne
735 3911 797 3965 tulit
810 3922 944 3980 punctum
955 3911 1003 3980 qui
1017 3909 1124 3965 miscuit
1139 3909 1203 3963 utile
1216 3910 1300 3966 dulci.

423 4071 494 4134 10.,
514 4073 699 4123 exercitandum
712 4091 763 4139 per.
846 4072 896 4138 ²J.
910 4076 953 4135 O.,
967 4074 1051 4124 simus.
1088 4074 1129 4131 V.,
1144 4071 1224 4120 fimus.
1301 4072 1479 4123 ³Omittedin
1492 4063 1525 4126 O.

425 4154 434 4185 ¹
449 4155 485 4219 J.,
499 4156 627 4205 tradentur
638 4156 701 4218 (sic).
983 4154 993 4186 5
1007 4156 1032 4220 J.
1047 4156 1090 4214 O.,
1105 4153 1278 4218 speculativae.
1315 4157 1357 4217 V.,
1371 4157 1552 4220 speculatione.

423 4232 433 4261 5
451 4235 494 4293 O.,
508 4233 541 4283 hi.
984 4233 994 4265 5
1011 4234 1054 4293 0.,
1068 4231 1283 4296 complacendum.

422 4315 431 4344 ¹
447 4315 483 4380 J.,
497 4315 647 4382 hujusmodi.
685 4317 727 4376 O.,
742 4332 834 4365 eorum.
872 4317 914 4375 V.,
929 4317 1009 4382 hujus.

421 4396 431 4426 ¹¹
446 4397 482 4461 J.,
495 4407 560 4448 sunt.
597 4398 641 4457 O.,
655 4399 693 4447 ad.
972 4397 991 4427 ¹⁰
1009 4399 1052 4458 O.,
1066 4400 1219 4449 necessitate.

412 4477 430 4508 ¹¹
448 4478 480 4529 Ο.
494 4496 543 4528 om.
559 4479 837 4530 Nam-confirmanda.
976 4477 995 4508 ¹¹
1008 4480 1044 4544 J.,
1058 4479 1113 4529 fide.
1283 4478 1302 4510 ¹³
1318 4480 1353 4545 J,
1366 4489 1403 4529 est
1415 4478 1456 4529 ibi.

411 4559 431 4590 ¹⁴
448 4562 490 4623 V.,
504 4561 545 4611 hic
556 4572 593 4612 est
605 4562 711 4611 habitus.
745 4562 769 4624 J.
784 4563 816 4612 Ο.
830 4578 880 4612 orn.
895 4572 939 4611 est.
1284 4560 1303 4592 ¹⁵
1320 4562 1364 4622 O.,
1378 4562 1508 4613 honorem.

410 4642 430 4675 ¹⁶
448 4643 469 4708 J.
484 4644 527 4705 O.,
541 4653 568 4694 ut
579 4645 630 4695 ille.
666 4645 697 4695 V.
717 4661 765 4694 orn.
780 4653 815 4694 ut.
