3559 5442
529 612 823 675 MNGUARUM
842 613 1073 674 COGNITIO.
1341 614 1380 690 85

227 769 314 832 Nam
334 770 461 836 lineael
477 773 632 838 infinities
649 777 743 858 quasi
767 776 817 840 et¹
838 776 983 857 capitula
998 786 1032 839 et
1048 786 1159 859 partes
1174 775 1332 839 librorum
1345 786 1382 839 et

225 872 297 936 libri
315 874 434 958 integri
456 877 655 942 omittuntur
678 879 710 942 in
735 878 997 963 Metaphysicis²
1012 878 1068 943 et³
1085 878 1301 944 Naturalibus
1324 880 1382 943 et³

227 975 441 1058 Logicalibus
471 989 504 1044 et
534 981 616 1060 aliis,
639 991 769 1065 praeter
799 1003 923 1066 magna
953 987 1078 1045 secreta
1105 982 1317 1046 scientiarum
1347 992 1381 1046 et

223 1081 345 1144 artium
362 1091 396 1146 et
411 1093 548 1147 naturae
563 1106 684 1149 arcana
699 1105 785 1169 quae
801 1087 951 1150 nondum
974 1094 1052 1150 sunt
1074 1085 1255 1162 translata;
1279 1095 1316 1148 ut
1331 1096 1382 1149 est

225 1185 371 1249 secunda
386 1187 596 1272 philosophia
613 1189 806 1254 Avicennae
829 1210 929 1272 quam
956 1198 1053 1254 vocat
1077 1189 1282 1264 orientalem,
1296 1209 1382 1272 quae

225 1288 366 1352 traditur
387 1292 569 1355 secundum
601 1294 779 1376 puritatem
806 1293 1036 1376 philosophiae
1062 1294 1095 1356 in
1126 1314 1170 1369 se,
1195 1313 1255 1356 nec
1286 1293 1382 1356 timet

225 1391 310 1456 ictus
336 1395 633 1460 contradicentium
658 1397 855 1476 lancearum,
873 1408 908 1461 et
930 1398 1028 1461 tertia
1053 1417 1138 1480 quae
1166 1397 1228 1460 fuit
1253 1407 1381 1460 conter-

227 1497 339 1560 mina4
350 1498 438 1562 vitae
448 1520 536 1577 suae,
546 1501 579 1562 in‘
593 1522 659 1582 qua
670 1503 895 1585 experientias
908 1511 1050 1565 secretas
1063 1502 1286 1584 congregavit,
1297 1502 1382 1564 sicut

226 1600 297 1682 ipse
328 1602 361 1664 in
392 1603 529 1687 prologo
557 1606 683 1686 primae
714 1605 942 1689 philosophiae
980 1627 1059 1668 suae
1095 1605 1276 1668 annotavit.
1338 1605 1383 1668 Et

226 1704 376 1769 similiter
405 1728 481 1770 cum
514 1708 711 1784 Aristoteles
741 1710 922 1792 complevit
959 1719 1036 1772 octo
1075 1719 1184 1791 partes
1222 1709 1382 1771 naturalis

227 1808 458 1893 philosophiae
495 1814 702 1895 principales,
725 1834 810 1896 quae
854 1814 976 1877 multas
1017 1813 1080 1875 sub
1118 1834 1152 1875 se
1190 1813 1384 1876 continent⁵

227 1914 389 1989 scientias,
406 1913 448 1978 de
473 1917 579 1998 prima
605 1928 699 2001 parte
723 1939 789 1980 non
817 1918 980 1980 habemus
1004 1917 1127 1994 omnia,
1143 1916 1185 1980 de
1210 1917 1283 1980 aliis
1307 1936 1385 1980 vero

227 2019 322 2101 quasi
350 2019 438 2082 nihil.
497 2021 542 2083 Et
570 2021 687 2085 eodem
713 2022 814 2085 modo
837 2021 880 2085 de
904 2021 1148 2086 mathematicis
1157 2021 1179 2097 ⁶,
1195 2041 1281 2105 quae
1306 2030 1385 2084 sunt

228 2141 347 2185 novem
364 2123 521 2186 scientiae
530 2122 551 2199 ⁷,
566 2145 642 2187 cum
659 2126 729 2208 ipse
745 2124 960 2208 compleverit
975 2144 1041 2198 eas,
1057 2124 1137 2187 nihil
1153 2124 1316 2187 habemus
1341 2124 1384 2187 de

227 2235 324 2289 textu
335 2224 347 2264 ⁷
359 2225 430 2306 ejus
439 2224 459 2290 ⁷.
506 2228 580 2290 De⁷
591 2229 826 2312 metaphysicis
836 2229 849 2267 ⁸
860 2226 959 2291 vero⁷
975 2227 1081 2309 quod⁷
1098 2225 1278 2291 habemus⁷
1294 2227 1384 2291 nulla

227 2329 391 2412 dignitate
429 2331 558 2393 notari⁹
596 2342 706 2415 potest
744 2342 878 2415 propter
915 2332 1065 2397 desectus
1106 2330 1306 2414 multiplices
1351 2340 1385 2394 et

228 2432 459 2516 praegrandes
506 2435 558 2497 De
575 2436 754 2498 moralibus
773 2457 860 2511 ver0,
875 2456 951 2498 cum
969 2436 1035 2498 sint
1058 2436 1206 2517 quinque
1229 2435 1385 2497 scientiae

230 2557 380 2619 magnae,
403 2557 469 2604 non
501 2538 663 2602 habemus
694 2540 755 2602 nisi
784 2541 925 2620 primam
953 2548 986 2601 et
1013 2558 1130 2621 parum
1157 2537 1199 2600 de
1229 2537 1384 2601 secunda.

230 2641 343 2704 Etiam
360 2641 403 2704 de
413 2641 437 2679 ¹⁰
461 2642 568 2724 logica
584 2642 695 2705 deficit
718 2642 799 2705 liber
821 2642 937 2705 melior
958 2643 1043 2705 inter
1063 2661 1179 2704 omnes
1190 2641 1223 2718 ¹¹,
1245 2651 1278 2704 et
1302 2641 1386 2704 alius

230 2754 305 2826 post
347 2764 424 2807 eum
464 2746 496 2806 in
536 2746 685 2809 bonitate
725 2747 890 2808 secundus
930 2745 1017 2808 male
1064 2745 1245 2808 translatus
1256 2744 1280 2781 ¹²
1324 2764 1385 2806 nec

229 2858 339 2931 potest
367 2849 440 2910 sciri
461 2869 521 2911 nec
545 2850 653 2912 adhuc
677 2860 728 2913 est
751 2851 783 2912 in
808 2869 868 2912 usu
885 2850 986 2930 vulgi,
1001 2849 1079 2930 quia
1102 2868 1206 2930 nuper
1229 2848 1320 2911 venit
1342 2847 1384 2910 ad

230 2948 641 3024 Latinos,etcumdeiectu
652 2949 878 3012 translationis
887 2956 921 3012 et
931 2948 1092 3030 squalore.
1125 2948 1195 3010 Nec
1205 2957 1256 3010 est
1266 2948 1384 3010 mirum

229 3053 255 3115 si
272 3051 347 3115 dico
363 3052 444 3115 istos
461 3052 561 3116 libros
578 3053 704 3136 logicae
721 3054 883 3128 meliores,
900 3073 977 3116 nam
1002 3060 1133 3134 oportet
1156 3071 1228 3114 esse
1244 3061 1387 3134 quatuor

228 3166 425 3240 argumenta
435 3157 578 3222 veridica
584 3178 591 3235 ;
601 3157 668 3221 duo
678 3159 765 3221 enim
778 3167 914 3221 movent
926 3157 1132 3220 intellectum
1144 3156 1385 3238 speculativum

229 3281 286 3324 seu
316 3261 488 3340 rationem,
513 3262 637 3325 scilicet
670 3262 880 3324 dialecticum
909 3281 967 3344 per
997 3260 1141 3323 debilem
1172 3260 1323 3323 habitum
1353 3269 1386 3323 et

229 3365 400 3444 initialem,
422 3366 478 3448 qui
502 3376 553 3429 est
575 3367 696 3448 opinio,
721 3375 757 3428 ut
780 3365 998 3448 disponamur
1021 3365 1063 3428 ad
1095 3365 1278 3439 scientiam,
1301 3384 1386 3446 quae

229 3479 279 3533 est
294 3469 427 3533 habitus
443 3471 631 3552 completus
650 3481 683 3533 et
708 3469 815 3533 finalis
839 3472 871 3532 in
896 3490 963 3552 quo
986 3470 1126 3551 quiescit
1151 3489 1246 3531 mens
1272 3488 1387 3550 specu-

230 3573 330 3637 lando
361 3575 544 3638 veritatem.
607 3575 651 3637 Et
686 3574 739 3637 hic
775 3574 910 3638 habitus
947 3574 1049 3637 animi
1060 3572 1085 3611 ¹⁸
1111 3573 1291 3656 acquiritur
1329 3593 1388 3655 per

228 3678 525 3769 demonstrativum
549 3688 783 3761 argumentum
793 3675 826 3768 ⁷..
851 3679 918 3744 Sed
936 3698 1011 3741 cum
1035 3677 1189 3740 voluntas
1211 3697 1269 3741 seu
1291 3676 1386 3740 intel·

229 3782 333 3846 lectus
379 3783 542 3865 practicus
591 3783 633 3846 sit
643 3781 667 3820 ¹4
711 3783 852 3846 nobilior
864 3781 888 3820 14
927 3801 1027 3864 quarn
1072 3780 1305 3865 speculativus,
1352 3789 1386 3844 et

229 3887 332 3950 virtus
355 3906 430 3949 curn
455 3885 611 3950 felicitate
642 3887 777 3950 excellit
800 3887 833 3949 in
857 3885 1023 3948 infinitum
1051 3887 1224 3949 scientiam
1251 3884 1386 3959 nudam,

260 4036 270 4070 ¹
287 4038 320 4088 Ο.
334 4038 408 4087 omits
420 4037 567 4087 lineae—et.
907 4036 918 4066 '²
935 4039 978 4099 O.,
992 4037 1182 4088 mathematicis.

260 4119 271 4150 ³
288 4121 331 4179 O.,
342 4129 367 4170 et
378 4120 413 4170 in.
905 4119 915 4149 ⁴
931 4119 975 4181 O.,
988 4120 1148 4170 conscientia.

260 4197 270 4227 ⁵
287 4198 331 4257 O.,
343 4197 461 4247 continet.
905 4195 915 4227 ⁸
932 4197 975 4257 O.,
989 4198 1173 4262 metaphysicis.

260 4280 269 4312 ⁷
286 4279 400 4330 Omitted
411 4278 437 4327 in
449 4278 482 4328 O.
671 4279 682 4307 ⁸
696 4279 720 4343 J.
736 4281 779 4338 O.,
794 4279 983 4328 mathematicis.
1170 4278 1181 4309 ⁹
1196 4279 1219 4343 J.
1235 4280 1278 4337 O.,
1293 4277 1383 4327 vooari.

249 4357 268 4388 1⁰
283 4359 306 4423 J.
327 4359 386 4407 here
405 4358 553 4422 apparently
564 4357 725 4422 interpolates
737 4359 753 4406 l.
770 4375 796 4420 17
810 4358 837 4405 oi
846 4374 869 4422 p.
886 4359 913 4404 81
927 4376 934 4416 ;
951 4357 995 4405 but
1015 4373 1090 4420 many
1101 4358 1130 4405 oi
1138 4358 1180 4406 the
1198 4358 1279 4406 words
1295 4358 1321 4406 in
1337 4357 1387 4406 this

227 4441 277 4490 and
289 4442 314 4506 ip
326 4441 369 4489 the
380 4447 441 4489 next
452 4438 499 4488 few
511 4440 574 4488 lines
584 4456 625 4488 are
637 4440 854 4504 undecipherable.
908 4437 926 4467 ¹¹
945 4440 988 4498 O.,
1002 4456 1089 4488 omnes
1101 4439 1170 4488 alios.

250 4521 271 4553 ¹²
288 4519 331 4583 O.,
344 4523 410 4571 male
422 4522 561 4571 translatus.
598 4523 629 4570 V.
643 4539 692 4569 om.
708 4521 781 4570 male.
905 4519 925 4551 ¹³
942 4521 985 4581 O.,
999 4537 1058 4581 non,
1068 4529 1116 4584 pro
1126 4522 1211 4570 animi.

250 4603 271 4636 ¹⁴
287 4606 331 4665 0.,
345 4605 378 4653 sit
391 4603 506 4652 nobilior.
543 4605 585 4664 V.‚
599 4602 626 4651 fit
638 4604 733 4652 melior.

1400 2654 1415 2703 s·
1430 2655 1462 2715 9⁶
1474 2653 1546 2717 0st

1400 2719 1481 2768 which
1493 2718 1581 2782 begins

1399 2785 1466 2844 here,
1480 2785 1500 2832 is
1512 2799 1578 2832 com-

1400 2851 1476 2914 plete,
1490 2850 1534 2898 but
1546 2849 1589 2898 the

1399 2923 1557 3030 latiali

1400 3046 1468 3096 often
1479 3045 1598 3110 illegible.
