3559 5442
384 664 422 724 82
603 666 769 730 OPERIS
787 666 987 747 MAJORIS
1005 666 1124 726 PARS
1146 667 1324 728 TERTIA.

385 848 454 904 naS,
483 831 577 911 quasi
609 829 764 894 infinities
795 851 855 913 pro
887 831 1016 928 latino.
1065 831 1152 894 Nam
1183 852 1244 914 pro
1276 830 1365 896 mille
1395 831 1546 897 millibus

384 935 549 1018 exemplis
580 955 684 999 unum
716 945 859 1018 ponatur
888 934 932 998 de
961 935 1044 998 libro
1068 935 1316 1016 Vegetabilium
1341 936 1545 1018 Aristotelis,

384 1037 440 1100 ubi
451 1036 531 1101 dicit
544 1039 718 1104 ‘Belenum
729 1019 768 1103 in*
775 1039 909 1103 Perside
919 1039 1227 1121 pernitiosissimum
1238 1040 1521 1123 transplantatum
1533 1041 1545 1080 ¹

382 1142 566 1223 Jerusalem
582 1142 641 1207 fit2
656 1143 877 1208 comestibile?
917 1144 992 1206 Hoc
1003 1142 1203 1207 vocabulum
1220 1165 1288 1207 non
1304 1155 1355 1209 est
1371 1146 1544 1226 scientiale
1591 1207 1595 1215 ,

384 1245 467 1309 sed³
482 1245 664 1311 laicorum8
684 1247 913 1330 Hispanorum
923 1244 945 1310 ³.
990 1245 1079 1308 Nam
1092 1246 1332 1329 jusquiamus4,
1353 1247 1405 1311 vel
1428 1269 1543 1313 semen

385 1349 601 1433 cassilaginis,
616 1360 667 1415 est
683 1351 755 1432 ejus
772 1371 894 1414 nomen
918 1351 951 1413 in
974 1349 1109 1426 Latino,
1132 1352 1222 1432 quod
1244 1351 1330 1415 sicut
1352 1352 1458 1416 multa
1478 1353 1544 1418 alia

384 1455 555 1537 prius⁶ab
579 1456 739 1539 Hispanis
763 1455 967 1518 scholaribus
984 1453 1089 1518 meis⁶
1104 1454 1232 1519 derisus
1247 1476 1323 1520 cum
1340 1476 1407 1519 non
1423 1457 1543 1521 intelli-

385 1557 505 1638 gebam
522 1578 608 1640 quae
624 1557 785 1640 legebam,
801 1558 879 1641 ipsis
895 1556 1058 1620 vocabula
1074 1557 1208 1639 linguae
1225 1567 1394 1622 maternae
1411 1560 1542 1623 scienti-

387 1660 457 1737 bus,
474 1662 609 1725 tandem
627 1660 728 1724 didici
744 1661 788 1724 ab
803 1661 936 1724 eisdem.

429 1763 544 1828 Tettio
559 1762 658 1828 cum⁷
681 1774 833 1849 oporteat
855 1760 1092 1847 interpretem⁷
1107 1764 1233 1847 optime
1249 1764 1355 1827 scire⁸
1369 1765 1542 1830 scientiam

384 1888 485 1950 quam
509 1869 580 1932 vult
603 1869 779 1932 transferre
806 1877 840 1931 et
862 1868 947 1930 duas
974 1867 1104 1949 linguas
1130 1888 1150 1929 a
1176 1867 1267 1950 qua⁹
1292 1877 1326 1932 et
1349 1868 1383 1932 in
1407 1890 1507 1953 quarn
1518 1870 1545 1910 ¹⁰

384 1972 567 2048 transferat,
598 1972 688 2036 solus
720 1972 879 2036 Boethius
910 1972 1036 2055 primus
1071 1973 1230 2055 interpres
1268 1973 1360 2036 novit
1396 1973 1542 2056 plenarie

385 2073 571 2157 linguarum
603 2084 823 2158 potestatem;
853 2085 886 2138 et
924 2074 1014 2137 solus
1051 2074 1206 2137 dominus
1239 2076 1405 2139 Robertus
1433 2077 1543 2141 dictus

385 2177 544 2242 Grossum
584 2177 703 2262 Caput,
737 2179 866 2261 nuper6
908 2179 1108 2261 episcopus⁰
1146 2179 1416 2256 Lincolniensis⁶,
1447 2182 1541 2246 novit

384 2283 546 2348 scientias.
606 2284 674 2346 Alii
706 2284 842 2366 quidam
853 2282 878 2320 ¹1
905 2283 1014 2360 medii,
1042 2291 1079 2345 ut
1103 2282 1270 2346 Gerardus
1297 2282 1541 2362 Cremonensis,

386 2386 529 2450 Michael
553 2387 683 2465 Scotus,
708 2386 877 2452 Aluredus
903 2386 1075 2468 Anglicus,
1092 2386 1308 2451 Hermannus
1329 2388 1541 2453 Alemannus

383 2512 483 2572 quem
510 2492 654 2556 vidimus
683 2492 834 2568 Parisius,
861 2491 1053 2556 deiecerunt
1080 2491 1222 2555 multum
1254 2501 1323 2555 tam
1354 2493 1387 2556 in
1418 2494 1541 2577 linguis

383 2615 483 2676 quam
511 2596 544 2659 in
572 2597 741 2676 scientiis;
763 2597 848 2659 sicut
875 2595 963 2658 idem
982 2595 1197 2659 Hermannus
1223 2595 1265 2658 de
1288 2616 1323 2660 se
1345 2597 1418 2679 ipso
1441 2607 1474 2661 et
1497 2597 1541 2662 de

382 2698 455 2762 aliis
477 2710 528 2764 est
551 2702 720 2764 confessus
744 2698 833 2783 quod
856 2699 1003 2763 ostendit
1026 2700 1172 2781 ipsorum
1189 2699 1361 2763 translatio
1371 2700 1403 2767 ¹¹.
1450 2702 1538 2766 Nam

382 2812 476 2868 tanta
506 2814 556 2869 est
587 2805 782 2888 perversitas
820 2813 853 2867 et
890 2801 1071 2866 cruditas¹²
1101 2813 1134 2867 et
1167 2803 1330 2867 horribilis
1360 2803 1539 2870 difficultas

383 2909 531 2973 maxime
546 2909 578 2973 in
595 2910 685 2973 libris
701 2909 893 2973 Aristotelis
908 2907 1083 2986 translatis,
1099 2907 1190 2991 quod
1212 2907 1322 2971 nullus
1346 2918 1457 2992 potest
1479 2930 1537 2975 eos

382 3012 573 3096 intelligere,
589 3015 647 3078 sed
664 3013 801 3096 quilibet
817 3013 872 3076 alii
896 3012 1104 3088 contradicit,
1120 3022 1153 3076 et
1176 3012 1353 3096 multiplex
1377 3016 1539 3097 reperitur

382 3117 516 3196 falsitas
532 3127 569 3183 ut
584 3127 677 3202 patet
697 3140 741 3181 ex
763 3118 939 3181 collatione
961 3116 1164 3181 diversorum
1181 3118 1397 3199 interpretum
1414 3127 1447 3182 et
1462 3128 1538 3183 tex-

381 3231 476 3285 tuum
507 3223 709 3286 diversarum
744 3223 941 3305 linguarum.
996 3222 1042 3284 Et
1071 3220 1222 3285 similiter
1252 3222 1285 3284 in
1315 3231 1413 3286 textu
1443 3243 1539 3287 sacro

382 3327 593 3390 inveniuntur
631 3326 713 3392 salsa
750 3337 783 3390 et
821 3326 909 3389 male
942 3325 1103 3389 translata
1132 3325 1386 3409 quamplurima.
1446 3327 1536 3411 Nam

383 3429 609 3512 Hieronymus
655 3428 773 3514 probat
814 3429 1065 3492 translationem
1107 3428 1206 3491 LXX
1244 3430 1460 3512 interpretum
1503 3441 1538 3495 et

381 3533 623 3597 Theodotionis
660 3544 693 3597 et
723 3533 867 3615 Aquilae
901 3533 1024 3596 multas
1060 3531 1216 3595 habuisse
1251 3531 1421 3609 falsitates,
1450 3554 1539 3616 quae

380 3638 458 3719 quia
473 3637 605 3702 fuerunt
620 3638 773 3720 vulgatae
783 3637 808 3676 1³
824 3658 883 3719 per
898 3646 1003 3702 totam
1018 3635 1211 3715 Ecclesiam,
1223 3645 1257 3700 et
1273 3657 1389 3700 omnes
1401 3637 1538 3702 stabant

382 3742 530 3804 maxime
559 3763 620 3825 pro
645 3741 861 3806 translatione
889 3740 988 3804 LXX
1020 3740 1103 3803 sicut
1131 3760 1190 3823 pro
1220 3741 1297 3819 vita,
1320 3740 1539 3824 reputabatur

383 3845 610 3926 Hieronymus
627 3845 776 3908 falsarius
792 3855 826 3908 et
841 3853 1013 3928 corruptor
1032 3843 1275 3928 scripturarum,
1293 3842 1400 3908 donec
1420 3845 1536 3928 paula-

413 4021 484 4087 1O.,
497 4024 540 4073 sed
552 4026 766 4090 transplantatum.
964 4022 1014 4087 ‘²J.
1030 4024 1072 4083 O.,
1086 4023 1121 4072 fit
1157 4024 1200 4083 V.,
1214 4023 1253 4072 sit.

412 4102 423 4135 ³
439 4106 483 4167 O.,
497 4107 561 4160 laico
572 4106 774 4172 Hispanicorum.
966 4103 977 4134 ⁴
991 4105 1015 4169 J.
1030 4105 1074 4166 O.,
1085 4104 1248 4169 jusquiamus.
1284 4105 1327 4164 V.,
1337 4106 1508 4170 jusqueamus.

412 4185 461 4252 ³J.
476 4188 519 4250 O.,
534 4189 608 4254 prius.
644 4190 687 4248 V.,
700 4187 790 4254 primo.
963 4186 1185 4236 ⁶0mittedin0.

412 4268 422 4300 ⁷
441 4269 485 4334 O.,
498 4279 595 4335 oportet
605 4271 674 4335 quod
686 4269 814 4334 interpres.
963 4266 974 4298 ⁸
991 4269 1034 4329 O.,
1049 4268 1117 4317 sciat.

411 4349 422 4382 ⁰
438 4352 482 4415 0.,
495 4353 592 4417 quibus.
957 4348 976 4380 ¹⁰
993 4351 1038 4410 O.,
1049 4366 1119 4414 quas.

403 4432 421 4463 ¹¹
439 4435 483 4497 O.,
499 4435 601 4500 quidem
618 4434 708 4484 medici
725 4435 883 4483 translatores
900 4433 1043 4483 defecerunt
1060 4434 1165 4482 multum
1183 4438 1235 4481 tam
1252 4431 1401 4482 insolentiis
1416 4449 1492 4498 quam
1509 4435 1535 4485 in

378 4515 476 4580 linguis,
495 4518 563 4582 quod
581 4515 689 4566 ostendit
705 4517 815 4581 ipsorum
833 4515 969 4573 translatio,
989 4514 1084 4563 instead
1102 4513 1131 4562 oi
1150 4513 1192 4563 the
1212 4529 1316 4578 passage
1337 4515 1440 4579 quidam
1457 4516 1536 4566 medii

375 4599 592 4664 ..,.ipsorum
605 4598 741 4650 translatio
951 4594 1186 4655 1²V.,crudelius
1222 4596 1256 4648 Ο.
1269 4612 1321 4650 om.
1427 4654 1430 4659 Ι

398 4678 417 4709 ¹³
432 4680 455 4747 J.
470 4690 495 4731 et
506 4682 549 4744 O.,
563 4683 686 4746 vulgatae.
722 4682 752 4730 V.
757 4718 763 4742 ,
777 4678 885 4743 vulgata.
