3559 5442
728 1420 883 1494 PARS
921 1420 1198 1495 SECUNDA
1210 1420 1223 1460 ¹

703 1659 858 1790 ouus
884 1708 1249 1775 Pensunsrours.

839 1975 1067 2044 crunnum
1094 1977 1117 2042 Ι.

440 2143 611 2226 Relegatis
634 2132 735 2227 igitur
756 2145 789 2208 in
813 2142 1003 2209 infernum²
1018 2134 1162 2228 quatuor
1176 2147 1284 2212 causis
1308 2147 1409 2210 totius
1432 2147 1552 2210 erroris

393 2241 532 2306 humani
556 2245 765 2325 generalibus
788 2253 821 2308 et
844 2245 977 2327 penitus
1000 2232 1043 2309 ab
1066 2246 1128 2309 hac
1143 2247 1357 2329 persuasione
1372 2248 1552 2329 suspensis

393 2345 470 2410 volo
492 2347 525 2410 in
548 2347 610 2409 hac
626 2347 772 2410 secunda
788 2349 1002 2412 distinctione
1016 2349 1215 2413 ostendere3
1235 2371 1335 2412 unam
1352 2351 1552 2433 sapientiam

392 2471 465 2514 esse
495 2450 677 2533 perfectam
708 2461 742 2514 et
771 2453 857 2516 hanc
887 2453 922 2515 in
946 2455 1047 2516 sacris
1070 2453 1171 2516 literis
1194 2455 1366 2532 contineri,
1389 2456 1432 2518 de
1454 2455 1551 2535 cujus

390 2555 558 2618 radicibus
581 2557 692 2618 omnis
716 2557 838 2619 veritas
865 2557 971 2620 exivit
980 2558 1000 2620 4.
1057 2557 1145 2620 Dico
1169 2543 1268 2640 igitur
1291 2558 1381 2640 quod
1405 2558 1479 2620 vel⁵
1500 2569 1553 2620 est

391 2679 459 2722 una
491 2659 629 2722 scientia
651 2660 858 2723 dominatrix
885 2660 1035 2738 aliarum,
1058 2670 1095 2724 ut
1127 2662 1295 2744 theologia
1321 2663 1373 2725 cui
1404 2662 1551 2745 reliquae

392 2763 525 2847 penitus
555 2773 634 2827 sunt
664 2765 876 2839 necessariae,
899 2773 933 2827 et
959 2766 1030 2828 sine
1060 2765 1181 2847 quibus
1215 2766 1259 2829 ad
1291 2765 1446 2829 effectum
1477 2787 1551 2849 per·

391 2867 495 2930 veniri
513 2888 581 2930 non
600 2867 689 2930 valet
701 2867 721 2946 ⁰,
738 2888 877 2949 quarum
901 2869 1057 2931 virtutem
1082 2870 1113 2932 in
1139 2891 1236 2932 suum
1257 2869 1312 2951 jus
1334 2868 1491 2948 vindicat,
1507 2871 1551 2934 ad

392 2971 443 3052 cuj
449 2992 486 3033 us
503 2980 621 3034 nutum
634 2981 667 3034 et
683 2972 859 3054 imperium
872 2981 1022 3034 caeterae
1038 2971 1230 3054 subjacent3
1253 2982 1311 3036 aut
1327 2973 1468 3036 melius⁷
1483 2995 1551 3037 una

391 3086 442 3138 est
458 3083 589 3137 tantum
605 3076 768 3158 sapientia
784 3076 938 3158 perfecta,
953 3096 1040 3158 quae
1055 3077 1087 3139 in
1105 3097 1198 3138 sacra
1220 3078 1381 3160 scriptura
1402 3077 1552 3142 totaliter

392 3179 588 3254 continetur,
616 3199 674 3261 per
702 3177 756 3258 jus
778 3180 975 3241 canonicum
1000 3189 1034 3242 et
1064 3180 1308 3263 philosophiam
1339 3180 1551 3264 explicanda.

393 3281 572 3368 Expositio
588 3282 733 3344 etenim8
748 3283 896 3345 veritatis
912 3282 1044 3345 divinae
1060 3303 1118 3366 per
1132 3283 1206 3346 illas
1221 3285 1377 3348 scientias
1399 3285 1550 3349 habetur.

391 3387 482 3450 Nam
499 3387 571 3468 ipsa
586 3407 662 3448 curn
679 3387 725 3447 eis
737 3385 828 3448 velut
841 3386 873 3447 in
887 3386 1034 3468 palmam
1051 3382 1247 3470 explicatur,
1263 3397 1297 3450 et
1312 3398 1425 3451 tamen
1442 3398 1551 3452 totam

392 3491 590 3574 sapientiam
608 3491 640 3551 in
658 3509 808 3572 pugnum
832 3489 958 3571 colligit
980 3510 1039 3572 per
1054 3491 1219 3573 seipsam;
1249 3493 1407 3573 quoniam
1423 3492 1467 3555 ab
1483 3514 1553 3557 uno

393 3594 468 3657 Deo
491 3594 570 3657 data
590 3602 641 3655 est
664 3602 736 3655 tota
759 3593 922 3674 sapientia
943 3604 977 3677 et
1001 3595 1058 3656 uni
1082 3596 1218 3673 mund0,
1238 3605 1272 3656 et
1290 3605 1427 3679 propter
1449 3596 1552 3660 finem

392 3719 504 3761 unum.
550 3696 763 3779 Quapropter
787 3697 868 3759 haec
894 3698 1057 3778 sapientia
1081 3718 1125 3760 ex
1148 3719 1209 3761 sua
1231 3699 1351 3782 triplici
1377 3721 1552 3783 compara-

390 3803 482 3865 tione
505 3801 669 3864 unitatem
693 3800 854 3862 sortietur.
901 3799 1078 3864 Caeterum
1101 3803 1155 3864 via
1178 3801 1294 3865 salutis
1315 3823 1382 3864 una
1400 3812 1459 3879 est,
1472 3804 1553 3870 licet

391 3906 514 3988 gradus
538 3903 634 3966 multi
648 3924 654 3980 ;
679 3902 738 3966 sed
761 3903 925 3986 sapientia
941 3915 992 3966 est
1008 3905 1061 3966 via
1077 3905 1109 3967 in
1126 3905 1276 3970 salutem.
1322 3906 1443 3971 Omnis
1458 3910 1551 3972 enirn

390 4008 614 4082 consideratio
636 4006 790 4083 hominis
805 4027 891 4088 quae
915 4016 1049 4070 nonest
1071 4008 1234 4086 salutaris,
1248 4018 1299 4072 est
1321 4010 1422 4092 plena
1444 4015 1552 4075 caeci-

390 4121 468 4189 tate,
491 4132 529 4173 ac
553 4110 595 4172 ad
620 4108 752 4171 finalem
776 4110 895 4172 inferni
918 4109 1054 4173 deducit
1077 4110 1274 4192 caliginem;
1297 4122 1433 4196 propter
1457 4117 1552 4197 quod

390 4216 487 4280 multi
499 4215 666 4297 sapientes
679 4213 797 4276 famosi
813 4214 846 4276 in
862 4214 926 4277 hoc
939 4213 1066 4276 mundo
1078 4214 1229 4277 damnati
1241 4225 1328 4291 sunt,
1339 4218 1419 4298 quia
1433 4239 1551 4284 veram

421 4364 431 4397 ¹
449 4367 480 4416 In
489 4365 513 4430 J.
527 4365 569 4414 the
581 4371 679 4428 greater
690 4371 745 4428 part
757 4364 787 4415 os
794 4364 811 4414 f.
825 4362 864 4429 83,
879 4380 914 4413 on
925 4363 1008 4412 which
1019 4365 1078 4413 Part
1090 4363 1116 4414 ii.
1132 4363 1230 4428 begins,
1242 4364 1263 4415 is
1273 4366 1416 4431 destroyed.
1451 4369 1484 4418 V.
1488 4406 1496 4432 ,
1511 4369 1553 4432 (in

387 4447 498 4512 margin)
510 4453 538 4496 2⁸
548 4445 684 4495 distinctio.
720 4446 764 4508 O.,
779 4445 894 4496 Secunda
905 4461 963 4510 pars
970 4445 1044 4508 hujus
1055 4445 1228 4510 persuasionis.

420 4528 479 4580 ²0.
493 4544 543 4578 om.
558 4527 723 4579 ininsemum.
804 4524 928 4578 ³0.01n
942 4527 1081 4577 ostendere.
1261 4525 1444 4591 *O.,eruitur.

421 4611 432 4643 ⁶
449 4612 480 4662 O.
494 4627 544 4660 om.
558 4610 606 4661 vel.
804 4607 815 4641 ⁰
832 4609 875 4670 O.,
889 4609 1019 4675 pervenire
1033 4622 1083 4658 nou
1096 4616 1187 4674 potest.
1260 4608 1272 4643 ⁷
1288 4611 1332 4672 O.,
1342 4628 1392 4662 una
1403 4620 1489 4664 tamen
1501 4623 1553 4670 est.

419 4692 432 4730 Β
448 4694 491 4757 0.,
505 4702 530 4744 et
540 4691 672 4758 expositio.
