3559 5442
563 659 618 722 cn
627 658 744 720 usna
764 659 976 721 aaronis
1317 677 1352 737 ις

195 821 404 905 purgationis
420 837 501 885 suae
520 821 553 886 in
578 821 643 884 alia
665 821 742 898 vita,
759 831 793 884 et
815 819 986 904 singulas1
1002 820 1131 885 animas
1154 822 1354 906 peccatrices

198 927 303 989 redire
326 926 369 990 ad
384 926 534 1008 gloriam,
550 925 727 990 manifeste
742 935 837 1003 errat,
852 936 885 990 et
901 926 996 989 sicin
1013 925 1134 989 multis.
1181 926 1227 990 Et
1250 926 1355 988 Aver-

196 1050 269 1093 roes
286 1031 454 1093 maximus
470 1037 547 1112 post
562 1051 618 1093 eos
642 1030 728 1092 sicut
751 1030 784 1092 in
801 1027 937 1093 multis²
953 1029 1121 1111 redarguit
1136 1030 1355 1104 Avicennam,

197 1135 244 1196 sic
261 1144 293 1196 et
310 1135 477 1216 sapientes
493 1134 596 1197 nostri
609 1155 685 1196 eum
699 1134 732 1197 in
750 1132 900 1216 pluribus
912 1133 1090 1216 corrigunt,
1101 1154 1168 1197 non
1181 1133 1356 1209 immerit0,

197 1237 275 1318 quia
291 1237 512 1320 proculdubio
527 1238 648 1300 erravit
670 1238 703 1300 in
721 1237 834 1300 multis
851 1237 941 1316 lociS,
956 1239 1109 1320 quamvis
1124 1239 1251 1320 optIme
1267 1237 1355 1301 dixit

198 1341 231 1402 in
257 1340 340 1406 aliis
385 1341 432 1403 Et
458 1341 485 1404 si
513 1341 567 1405 isti
594 1340 738 1422 majores
768 1351 969 1417 erraverunt,
996 1340 1102 1404 multo
1131 1341 1249 1405 fortius
1277 1340 1356 1404 alii⁸

198 1444 350 1510 minores.
396 1444 565 1527 Quoniam
582 1454 694 1508 autem
710 1445 744 1507 in
759 1465 885 1508 errores
908 1445 1103 1520 inciderunt,
1119 1445 1225 1508 multo
1248 1444 1355 1527 magis
1365 1462 1390 1538 y.
1404 1477 1533 1526 compara-

197 1546 391 1612 desecerunt
428 1549 461 1610 in
491 1548 691 1624 necessariis,
721 1548 887 1630 superflua
917 1557 951 1612 et
980 1547 1110 1611 inutilia
1138 1528 1548 1658 cumulantesfflfflsffi

197 1651 300 1714 dubia
316 1661 350 1713 et
364 1651 505 1714 obscura
520 1661 554 1715 et
569 1651 731 1734 perplexa
746 1661 962 1734 spargentes3
985 1661 1019 1714 et
1041 1652 1123 1715 haec
1144 1652 1259 1714 omnia
1281 1672 1357 1735 pec·

198 1763 273 1817 cata
289 1755 322 1816 in
338 1753 430 1817 libris
445 1775 559 1818 eorum
578 1753 755 1818 manifesta
771 1764 849 1818 sunt
865 1754 1011 1830 cuilibet,
1025 1764 1060 1817 et
1075 1775 1134 1837 per
1148 1754 1304 1818 effectum
1321 1755 1354 1818 in

198 1857 294 1920 nobis
321 1858 511 1941 probantur.
561 1858 649 1920 Nam
673 1868 768 1922 tanta
783 1858 979 1922 difficultate
1001 1857 1159 1921 videndi4
1180 1859 1354 1922 veritatem

199 1963 379 2043 premimur
394 1971 428 2024 et
442 1961 666 2037 vacillamus⁵,
681 1964 771 2043 quod
796 1962 863 2025 sere
885 1962 1025 2044 quilibet
1048 1962 1354 2046 philosophantium

198 2065 404 2128 contradicet
420 2065 483 2142 alii,
499 2066 545 2128 ita
561 2066 651 2147 quod
667 2066 726 2128 vix
750 2065 783 2129 in
806 2086 873 2128 una
888 2066 1069 2129 vanissima
1084 2067 1287 2148 quaestione,
1302 2066 1354 2129 vel

198 2169 231 2232 in
270 2190 337 2232 uno
377 2169 537 2234 vilissimo
581 2170 794 2252 sophismate,
824 2168 876 2232 vel
921 2190 989 2233 una
1032 2171 1225 2253 operatione
1269 2171 1355 2254 sapi·

199 2270 319 2346 entiae,
345 2269 429 2332 sicut
455 2270 489 2333 in
513 2270 679 2333 medicina
701 2278 735 2332 et
759 2269 924 2352 chirurgia
950 2278 984 2332 et
1010 2269 1083 2333 aliis
1105 2271 1355 2353 operationibus

199 2373 412 2436 scientiarum
422 2373 444 2450 ⁶,
455 2394 541 2437 unus
557 2395 633 2437 cum
650 2372 715 2435 alio
731 2373 920 2441 concordat.
957 2374 1026 2439 Sed
1042 2395 1110 2437 non
1126 2374 1234 2438 solum
1250 2375 1356 2458 philo-

199 2477 306 2560 sophi,
323 2479 425 2540 immo
441 2479 547 2540 sancti
563 2477 687 2560 aliquid
711 2477 896 2541 humanum
920 2479 954 2542 in
976 2478 1039 2541 hac
1054 2487 1147 2561 parte
1162 2488 1241 2542 sunt
1256 2479 1354 2562 passi.

202 2581 290 2644 Nam
308 2582 441 2664 ipsimet
463 2589 723 2644 retractaverunt
750 2580 915 2644 dictorum
942 2602 1077 2661 suorum
1100 2581 1354 2664 quamplurima.

204 2683 304 2750 Unde
327 2685 549 2768 Augustinus
564 2685 620 2767 qui
637 2683 743 2765 major
764 2685 797 2747 in
813 2685 1026 2766 inquisitione
1047 2685 1224 2748 veritatum
1248 2686 1357 2748 occul-

201 2797 311 2851 tarum
338 2798 519 2873 reputatur,
545 2788 623 2852 fecit
649 2787 769 2851 librum
797 2787 840 2851 de
865 2789 1098 2855 retractatione
1124 2808 1249 2866 eorum,
1271 2810 1357 2871 quae

203 2913 268 2954 non
283 2892 368 2954 bene
383 2891 603 2975 praedixerat.
643 2892 689 2954 Et
707 2892 935 2973 Hieronymus
951 2911 1050 2974 super
1067 2891 1197 2966 lsaiam,
1209 2900 1243 2953 et
1258 2889 1359 2954 alibi⁷

203 2995 333 3078 plurieS,
349 3016 416 3059 non
432 3005 563 3058 veretur
577 3016 672 3058 suam
689 2995 888 3058 sententiam
904 3003 1089 3058 retractare.
1136 2995 1225 3057 Nam
1248 2994 1359 3059 celeri-

204 3107 273 3160 tate
289 3098 438 3162 dictandi
461 3098 494 3161 in
517 3096 747 3161 transferendo
769 3097 893 3181 pluries
920 3117 956 3159 se
981 3097 1158 3162 confitetur
1182 3097 1359 3181 deceptum

204 3203 314 3278 fuisse,
326 3212 359 3266 et
376 3201 488 3265 multis
504 3202 576 3265 aliis
589 3200 697 3264 modis
709 3225 717 3282 ;
740 3201 832 3264 etsie
845 3222 962 3264 omnes
974 3202 1029 3264 alii
1039 3200 1192 3264 doctores
1205 3193 1361 3266 fecerunt.

205 3306 321 3371 Sancti
348 3307 449 3369 etiam
473 3307 536 3389 ipsi
560 3315 678 3369 mutuo
700 3326 776 3369 suas
799 3316 1016 3369 correxerunt
1038 3307 1228 3389 positiones,
1243 3316 1276 3370 et
1299 3307 1361 3387 sibi

206 3411 346 3473 invicem
378 3409 506 3473 fortiter
535 3408 742 3473 resistebant.
803 3409 917 3472 Etiam
950 3409 1073 3473 Paulus
1104 3411 1203 3473 Petro
1233 3411 1361 3484 restitit,

206 3515 292 3576 sicut
304 3515 445 3597 ipsemet
455 3513 643 3580 confitetur.
681 3513 726 3577 Et
740 3512 953 3596 Augustinus
966 3515 1147 3578 sententias
1162 3510 1361 3596 Hieronymi

206 3617 417 3700 reprehendit
429 3639 436 3695 ;
453 3626 486 3680 et
501 3617 729 3699 Hieronymus
741 3617 936 3699 Augustino
947 3616 1145 3680 contradicit
1158 3616 1191 3680 in
1203 3615 1362 3700 pluribus.

209 3721 304 3783 Haec
320 3721 484 3804 exemplis
500 3741 613 3783 eorum
631 3719 807 3783 manifesta
827 3730 905 3783 sunt
914 3719 934 3798 ⁸,
950 3728 984 3783 et
1002 3720 1199 3803 posteriores
1216 3720 1362 3803 priorum

201 3826 298 3910 dicta
334 3834 556 3889 correxerunt.
626 3825 714 3888 Nam
750 3823 942 3907 Origenem,
973 3824 1160 3887 maximum
1191 3825 1361 3887 doctorem

205 3928 390 3992 secundum
414 3950 539 4005 omnes,
560 3929 593 3992 in
618 3927 730 3992 multis
754 3928 952 4011 posteriores
975 3926 1163 4010 reprobant,
1177 3928 1256 4009 quia
1278 3927 1364 3990 inter

206 4042 337 4096 caetera
359 4033 470 4116 posuit
485 4054 626 4096 errorem
645 4031 839 4095 Avicennae
854 4031 896 4096 de
918 4030 1094 4094 animabus
1116 4029 1364 4114 peccatricibus

206 4137 332 4200 scilicet
347 4136 437 4218 quod
455 4135 546 4199 nulla
569 4135 710 4198 finaliter
733 4135 956 4200 damnabitur.
1004 4135 1049 4197 Et
1071 4156 1148 4197 cum
1168 4133 1264 4197 multi
1280 4135 1363 4196 sacri

206 4240 360 4305 doctores
384 4261 423 4304 ac
446 4240 565 4303 famosi
588 4248 820 4323 exposuerunt
844 4237 947 4301 lsrael
970 4247 1007 4301 ut
1029 4239 1159 4301 dicatur
1180 4238 1238 4300 vir
1252 4237 1364 4300 vallans

238 4425 248 4458 ¹
266 4427 297 4478 Ο.
310 4444 359 4478 om.
375 4426 491 4492 singulas.
668 4423 679 4456 ²
696 4426 739 4486 0..
755 4425 851 4476 eumin
862 4423 956 4474 multis.
1136 4421 1148 4454 ⁸
1164 4423 1198 4474 Ο.
1211 4439 1262 4474 orn.
1276 4423 1327 4478 alii,

238 4507 249 4540 ⁴
263 4510 286 4574 J.
301 4510 345 4570 0,,
358 4509 468 4563 videndi.
504 4509 548 4581 V.,
561 4507 667 4558 intendi.
767 4506 778 4538 ⁶
791 4508 828 4572 J.,
841 4507 996 4558 vacillamus.
1030 4505 1074 4569 V,
1087 4506 1256 4561 evacillamus.

237 4585 248 4618 ⁶
265 4588 297 4638 Ο.
310 4603 361 4638 om.
375 4603 425 4636 una
435 4585 801 4652 operatione-operationibus
811 4585 980 4635 scientiarum.

237 4667 248 4708 ⁷
266 4670 308 4730 0,
319 4668 363 4720 alii
374 4669 466 4736 plures.
771 4665 781 4698 ⁸
799 4667 842 4732 0..
855 4666 990 4720 manifesta
997 4674 1055 4716 sunt
1062 4673 1090 4718 ut
1101 4664 1203 4717 interius
1213 4674 1360 4737 exponetur.
