3559 5442
582 673 764 737 crusna*
782 673 994 738 annom.
1333 695 1369 754 13

212 837 360 913 veridici,
375 846 413 901 ut
434 837 540 901 sancti
563 846 597 900 et
620 831 807 922 philosophi
826 837 1024 921 principales
1034 838 1055 916 1,
1072 838 1228 922 juverunt
1251 860 1312 903 nos
1335 840 1370 904 in

215 936 480 1006 consideratione
494 942 650 1020 veritatis
666 941 914 1024 regratiandum
930 942 978 1006 eis
995 951 1054 1019 est,
1069 944 1155 1006 sicut
1171 943 1371 1007 Aristoteles

215 1047 323 1128 primo
347 1038 819 1130 Metaphysicaeregratiatur
841 1046 909 1109 suis
932 1047 1250 1129 praedecessoribus,
1276 1057 1310 1111 et
1336 1047 1371 1110 in

213 1149 280 1213 fine
305 1149 530 1212 Elenchorum
562 1150 605 1212 de
636 1150 780 1213 inventis
808 1150 931 1213 multas
957 1151 1098 1233 ipsemet
1124 1152 1218 1234 cupit
1247 1151 1371 1214 habere

213 1262 333 1336 grates
380 1247 549 1337 Quoniam
575 1248 654 1316 vero
676 1254 784 1336 prima
807 1253 1051 1318 fundamenta²
1070 1256 1233 1336 jecerunt,
1248 1265 1299 1318 est
1322 1256 1371 1318 eis

212 1373 281 1416 non
297 1353 406 1416 solum
423 1353 681 1435 regratiandum,
696 1354 756 1418 sed
779 1355 874 1436 quasi
897 1353 1006 1416 to'tum
1026 1375 1101 1417 cum
1118 1353 1265 1436 quadam
1281 1375 1372 1418 reve·

213 1457 320 1520 tentia
350 1457 590 1521 ascribendum.
657 1456 850 1522 Secundum
881 1456 972 1539 quod
1010 1457 1139 1523 Seneca
1167 1457 1240 1521 vult
1269 1459 1368 1521 tertio

217 1559 438 1635 Naturalium,
451 1561 506 1626 ‘Si
519 1560 598 1644 quid
611 1581 631 1623 a
643 1560 880 1643 posterioribus
896 1561 1069 1625 inventurn
1085 1561 1371 1639 est,'nihilominus
1382 1565 1406 1629 J·
1420 1566 1496 1615 much
1510 1566 1585 1616 muti·

215 1664 424 1728 referendum
450 1665 604 1748 antiquis,
631 1666 709 1747 quia
736 1664 849 1746 magni
875 1665 979 1727 animi
1006 1664 1069 1727 suit
1092 1685 1200 1729 rerum
1227 1664 1370 1727 latebras
1382 1631 1541 1762 Ιξῶθξέζξῗῆ.

215 1770 369 1852 primitus
398 1769 576 1846 dimovere,
605 1778 639 1831 et
669 1768 850 1852 plurimum
881 1767 925 1831 ad
956 1768 1194 1832 inveniendum
1221 1769 1370 1845 contulit,
1383 1760 1569 1879 ἰξὲεὸθῐίἱῡθῦ

215 1868 271 1955 qui
301 1874 447 1956 speravit
476 1893 574 1956 posse
600 1872 755 1955 reperiri;
785 1881 819 1935 et
846 1873 1000 1955 quamvis
1026 1882 1162 1956 propter
1187 1873 1370 1937 humanam

209 1970 429 2059 'fragilitatem
442 1977 476 2040 in
488 1976 602 2040 multis
614 1976 815 2052 defecerunt,
827 1985 940 2039 tamen
953 1977 1139 2040 excusandi
1150 1977 1247 2041 sunt.'
1280 1977 1312 2040 N
1314 1998 1370 2041 am

214 2089 252 2142 ut
268 2075 301 2142 in
324 2079 408 2143 libro
432 2089 616 2144 memorato
638 2081 686 2144 ait
709 2080 847 2158 Seneca,
872 2079 978 2144 ‘Cum
1001 2078 1221 2144 excusatione
1242 2091 1371 2146 veteres

213 2175 372 2247 audiendi
388 2184 483 2248 sunt.'

636 2388 863 2455 Curuuuuu
887 2389 948 2452 VI.

214 2623 216 2628 Ι
257 2540 325 2606 Sed
342 2540 500 2624 quoniam
518 2551 653 2625 propter
673 2550 847 2625 peccatum
866 2539 1026 2624 originale
1042 2549 1076 2603 et
1091 2539 1247 2624 propria³
1261 2541 1370 2624 cujus-

212 2646 294 2710 libet
318 2655 458 2729 peccata
484 2645 617 2728 partes⁴
639 2645 794 2727 imaginis
818 2645 929 2708 laesae
951 2655 1038 2720 sunt,
1053 2666 1132 2708 nam
1149 2645 1233 2708 ratio
1255 2666 1370 2708 caecu-

213 2751 300 2814 tiens
316 2760 374 2826 est,
392 2748 552 2813 memoria
568 2749 700 2832 fragilis,
716 2770 755 2812 ac
770 2748 925 2812 voluntas
941 2749 1132 2831 depravata,
1146 2760 1179 2812 et
1200 2769 1314 2812 verum
1331 2770 1369 2812 ac

213 2853 339 2917 bonum
356 2874 423 2916 uno
440 2853 541 2916 modo
558 2864 644 2930 sunt,
660 2852 779 2932 falsum
796 2862 909 2915 autem
925 2853 1061 2915 cuilibet
1075 2873 1154 2916 vero
1169 2854 1371 2936 oppositum,

213 2967 247 3021 et
263 2957 388 3020 malum
405 2956 538 3020 cuilibet
561 2957 651 3020 bono
666 2956 866 3020 contrarium
890 2953 1027 3020 infinitis
1050 2955 1158 3019 modis
1180 2957 1371 3036 variantur;

214 3061 293 3145 quia
308 3072 345 3125 ut
369 3061 589 3144 Philosophus
604 3060 751 3124 secundo
775 3059 996 3123 Ethicorum⁵
1017 3058 1253 3142 exemplificat,
1275 3059 1371 3122 facile

213 3175 264 3229 est
279 3165 422 3229 diverti⁶
445 3186 465 3228 a
488 3165 583 3248 signo
606 3165 696 3238 dato,
719 3173 854 3247 propter
877 3163 1115 3228 multiformem
1139 3164 1370 3228 declinationis

213 3269 478 3353 possibilitatem,
493 3269 552 3332 sed
575 3270 696 3331 veritas
714 3278 748 3332 et
770 3270 873 3332 virtus
897 3278 975 3331 sunt
998 3267 1030 3331 in
1054 3279 1198 3352 punct0;
1222 3268 1370 3333 infinitae

212 3375 314 3437 etiam
330 3383 408 3436 sunt
423 3373 578 3436 veritates
593 3394 632 3435 ac
646 3374 792 3448 virtutes
808 3382 910 3455 atque
926 3373 1181 3436 innumerabiles
1196 3373 1320 3456 gradus
1336 3375 1370 3437 in

208 3460 361 3561 'qualibet
376 3479 516 3542 veritate
538 3498 576 3540 ac
599 3478 721 3541 virtute
744 3485 841 3556 sunt;
865 3477 1078 3541 manifestum
1101 3478 1258 3560 estquod
1276 3499 1370 3541 mens

212 3584 360 3646 humana
376 3603 443 3646 non
459 3581 580 3645 sufficit
603 3581 682 3644 dare
705 3581 794 3664 quod
822 3582 1044 3644 necessarium
1071 3591 1122 3644 est
1146 3582 1180 3644 in
1206 3582 1372 3660 omnibus,

212 3708 274 3750 nec
301 3695 411 3769 potest
435 3685 469 3748 in
493 3685 632 3768 singulis
654 3685 758 3748 vitare
781 3684 901 3748 salsum
918 3705 979 3748 nec
995 3685 1129 3748 malum.
1175 3685 1221 3748 Et
1236 3685 1312 3748 ideo
1327 3685 1370 3748 ad

212 3799 386 3853 auctorum
403 3789 493 3852 dicta
508 3809 660 3852 verorum
677 3798 788 3871 potest
811 3789 1048 3851 convenienter
1070 3787 1158 3864 addi,
1173 3797 1207 3850 et
1229 3799 1371 3872 possunt

212 3891 349 3974 corrigi⁷
361 3893 394 3955 in
407 3891 669 3975 quampluribus
701 3892 746 3953 Et
758 3891 822 3954 hoc
831 3893 965 3974 egregie
975 3891 1090 3954 docet8
1102 3892 1231 3956 Seneca
1241 3892 1273 3956 in
1288 3891 1371 3955 libro

212 3997 446 4079 quaestionum
463 3995 674 4073 naturalium,
685 3995 844 4077 quoniam
861 3995 959 4058 tertio
976 3995 1058 4058 libro
1074 3995 1154 4058 dicit
1166 4003 1173 4026 ‘
1186 3994 1370 4077 Opiniones

211 4109 339 4164 veteres
363 4119 479 4182 parum
502 4109 640 4163 exactas
662 4119 734 4162 esse
757 4108 790 4161 et
806 4098 914 4176 rudeS,
929 4099 1015 4161 circa
1030 4119 1144 4162 verum
1160 4099 1269 4161 adhuc
1284 4118 1370 4161 erra-

211 4205 310 4270 batur
319 4204 339 4268 ⁰.
378 4204 476 4267 Nova
485 4213 579 4267 erant
590 4203 703 4267 omnia
715 4205 822 4288 primo
832 4204 1047 4281 tentantibus,
1059 4213 1176 4286 postea
1186 4203 1303 4266 eadem
1314 4203 1371 4267 illa
1440 4276 1444 4284 Ι

210 4310 328 4388 limata
352 4318 438 4386 sunt,
461 4307 552 4372 nulla
575 4330 626 4372 res
648 4316 963 4387 consummataest,
985 4307 1065 4370 dum
1089 4305 1223 4391 incipit'
1268 4306 1314 4370 Et
1336 4308 1370 4370 in
1382 4322 1406 4386 J.
1421 4338 1549 4388 conpara·

245 4443 305 4496 ¹0·
319 4461 369 4498 om.
383 4445 542 4514 principales.
609 4443 681 4509 ²0,
694 4444 738 4512 qni
751 4462 811 4496 vero
822 4444 905 4510 prima
915 4442 1048 4510 principia.
1114 4441 1186 4503 ⁸0„
1199 4442 1338 4522 propfim,
1385 4390 1565 4518 &ape'fect

239 4527 256 4573 .⁴
269 4529 306 4593 J.‚
320 4527 403 4593 panis.
441 4527 474 4579 Ο.
487 4527 531 4588 V.,
544 4534 634 4594 partes.
769 4565 773 4570 .
806 4525 855 4592 ⁸J.
870 4527 914 4589 O.,
928 4526 1082 4576 Ethicorum.
1118 4524 1161 4587 V.,
1174 4525 1337 4590 Topieorum.

244 4606 255 4640 ⁶
272 4610 316 4670 V.,
328 4608 427 4659 diversi.
803 4605 815 4641 ⁷
832 4609 875 4668 0.,
889 4616 972 4672 potest
983 4607 1149 4658 communiter
1163 4607 1224 4656 addi
1234 4613 1261 4657 et
1271 4607 1370 4673 corrigi.

244 4689 256 4724 ⁸
272 4691 304 4744 0.
309 4728 317 4754 ,
332 4692 391 4741 Iloc
402 4691 501 4756 egregie
512 4690 603 4743 docet
628 4691 668 4753 V.,
682 4691 744 4742 haec
755 4690 854 4757 egregia
865 4691 934 4741 dicit.
1004 4687 1015 4721 ⁹
1032 4689 1064 4741 O.
1078 4706 1128 4741 om.
1142 4690 1369 4744 adhueerrabatur.
