<?xml version="1.0" encoding="UTF-8"?>
<!DOCTYPE html PUBLIC "-//W3C//DTD XHTML 1.0 Transitional//EN"
    "http://www.w3.org/TR/xhtml1/DTD/xhtml1-transitional.dtd">
<html xmlns="http://www.w3.org/1999/xhtml" xml:lang="en" lang="en">
 <head>
  <title>
</title>
<meta http-equiv="Content-Type" content="text/html;charset=utf-8" />
  <meta name='ocr-system' content='tesseract 3.04.00' />
  <meta name='ocr-capabilities' content='ocr_page ocr_carea ocr_par ocr_line ocrx_word'/>
</head>
<body>
  <div class='ocr_page' id='page_1' title='image "./opusmajusrogerb03bridgoog/opusmajusrogerb03bridgoog_0041.png"; bbox 0 0 3559 5442; ppageno 0'>
   <div class='ocr_carea' id='block_1_1' title="bbox 391 668 1355 752">
    <p class='ocr_par' dir='ltr' id='par_1_1' title="bbox 391 668 1355 752">
     <span class='ocr_line' id='line_1_1' title="bbox 391 668 1355 752; baseline -0.023 -4"><span class='ocrx_word' id='word_1_1' title='bbox 391 691 437 752; x_wconf 72' lang='lat'>34</span> <span class='ocrx_word' id='word_1_2' title='bbox 658 671 825 735; x_wconf 84' lang='lat' dir='ltr'><em>OPERIS</em></span> <span class='ocrx_word' id='word_1_3' title='bbox 842 672 912 730; x_wconf 85' lang='lat' dir='ltr'>MA</span> <span class='ocrx_word' id='word_1_4' title='bbox 907 670 1043 750; x_wconf 86' lang='lat' dir='ltr'><em>JORIS</em></span> <span class='ocrx_word' id='word_1_5' title='bbox 1059 669 1179 730; x_wconf 84' lang='lat' dir='ltr'><em>PARS</em></span> <span class='ocrx_word' id='word_1_6' title='bbox 1196 668 1355 728; x_wconf 85' lang='lat' dir='ltr'><em>PRIMA.</em></span> 
     </span>
    </p>
   </div>
   <div class='ocr_carea' id='block_1_2' title="bbox 390 828 1618 1743">
    <p class='ocr_par' dir='ltr' id='par_1_2' title="bbox 390 828 1618 1743">
     <span class='ocr_line' id='line_1_2' title="bbox 395 828 1551 918; baseline -0.008 -19"><span class='ocrx_word' id='word_1_7' title='bbox 395 835 584 918; x_wconf 88' lang='lat' dir='ltr'>theologica</span> <span class='ocrx_word' id='word_1_8' title='bbox 606 834 759 897; x_wconf 92' lang='lat' dir='ltr'>absolute</span> <span class='ocrx_word' id='word_1_9' title='bbox 781 832 999 915; x_wconf 87' lang='lat' dir='ltr'>intelligenda</span> <span class='ocrx_word' id='word_1_10' title='bbox 1022 840 1055 894; x_wconf 92' lang='lat' dir='ltr'>et</span> <span class='ocrx_word' id='word_1_11' title='bbox 1078 840 1229 914; x_wconf 89' lang='lat' dir='ltr'>respectu</span> <span class='ocrx_word' id='word_1_12' title='bbox 1247 828 1416 893; x_wconf 85' lang='lat' dir='ltr'>Ecclesiae</span> <span class='ocrx_word' id='word_1_13' title='bbox 1433 828 1497 891; x_wconf 89' lang='lat' dir='ltr'>Dei</span> <span class='ocrx_word' id='word_1_14' title='bbox 1513 848 1551 890; x_wconf 91' lang='lat' dir='ltr'>ac</span> 
     </span>
     <span class='ocr_line' id='line_1_3' title="bbox 390 933 1618 1022; baseline -0.007 -16"><span class='ocrx_word' id='word_1_15' title='bbox 390 939 596 1022; x_wconf 84' lang='lat' dir='ltr'>reipublicae</span> <span class='ocrx_word' id='word_1_16' title='bbox 623 938 771 1002; x_wconf 89' lang='lat' dir='ltr'>fidelium</span> <span class='ocrx_word' id='word_1_17' title='bbox 795 947 829 1000; x_wconf 92' lang='lat' dir='ltr'>et</span> <span class='ocrx_word' id='word_1_18' title='bbox 854 934 1101 1000; x_wconf 87' lang='lat' dir='ltr'>conversionisl</span> <span class='ocrx_word' id='word_1_19' title='bbox 1131 934 1314 999; x_wconf 89' lang='lat' dir='ltr'>infidelium</span> <span class='ocrx_word' id='word_1_20' title='bbox 1337 943 1371 996; x_wconf 89' lang='lat' dir='ltr'>et</span> <span class='ocrx_word' id='word_1_21' title='bbox 1397 933 1553 1016; x_wconf 91' lang='lat' dir='ltr'>reproba·</span> <span class='ocrx_word' id='word_1_22' title='bbox 1612 955 1618 998; x_wconf 77' lang='lat' dir='ltr'>r</span> 
     </span>
     <span class='ocr_line' id='line_1_4' title="bbox 394 1025 1553 1126; baseline -0.006 -21"><span class='ocrx_word' id='word_1_23' title='bbox 394 1044 495 1106; x_wconf 89' lang='lat' dir='ltr'>tionis</span> <span class='ocrx_word' id='word_1_24' title='bbox 532 1025 769 1126; x_wconf 82' lang='lat' dir='ltr'>praescitorum</span> <span class='ocrx_word' id='word_1_25' title='bbox 808 1040 933 1105; x_wconf 82' lang='lat' dir='ltr'>utiliter</span> <span class='ocrx_word' id='word_1_26' title='bbox 966 1061 1005 1104; x_wconf 92' lang='lat' dir='ltr'>ac</span> <span class='ocrx_word' id='word_1_27' title='bbox 1036 1038 1213 1122; x_wconf 88' lang='lat' dir='ltr'>magnifice</span> <span class='ocrx_word' id='word_1_28' title='bbox 1246 1038 1352 1122; x_wconf 86' lang='lat' dir='ltr'>possit</span> <span class='ocrx_word' id='word_1_29' title='bbox 1386 1037 1553 1119; x_wconf 90' lang='lat' dir='ltr'>adjuvare,</span> 
     </span>
     <span class='ocr_line' id='line_1_5' title="bbox 395 1140 1554 1208; baseline -0.007 0"><span class='ocrx_word' id='word_1_30' title='bbox 395 1146 480 1208; x_wconf 90' lang='lat' dir='ltr'>sicut</span> <span class='ocrx_word' id='word_1_31' title='bbox 495 1145 729 1208; x_wconf 85' lang='lat' dir='ltr'>certificabitur</span> <span class='ocrx_word' id='word_1_32' title='bbox 744 1165 821 1207; x_wconf 91' lang='lat' dir='ltr'>cum</span> <span class='ocrx_word' id='word_1_33' title='bbox 844 1144 907 1206; x_wconf 90' lang='lat' dir='ltr'>erit</span> <span class='ocrx_word' id='word_1_34' title='bbox 929 1163 1072 1206; x_wconf 87' lang='lat' dir='ltr'>necesse.</span> <span class='ocrx_word' id='word_1_35' title='bbox 1118 1142 1164 1206; x_wconf 91' lang='lat' dir='ltr'>Et</span> <span class='ocrx_word' id='word_1_36' title='bbox 1186 1150 1282 1205; x_wconf 87' lang='lat' dir='ltr'>tanto</span> <span class='ocrx_word' id='word_1_37' title='bbox 1305 1140 1487 1204; x_wconf 89' lang='lat' dir='ltr'>mirabilius</span> <span class='ocrx_word' id='word_1_38' title='bbox 1503 1150 1554 1201; x_wconf 91' lang='lat' dir='ltr'>est</span> 
     </span>
     <span class='ocr_line' id='line_1_6' title="bbox 395 1242 1554 1331; baseline -0.007 -20"><span class='ocrx_word' id='word_1_39' title='bbox 395 1248 486 1331; x_wconf 94' lang='lat' dir='ltr'>quod</span> <span class='ocrx_word' id='word_1_40' title='bbox 517 1249 697 1312; x_wconf 90' lang='lat' dir='ltr'>multitudo</span> <span class='ocrx_word' id='word_1_41' title='bbox 728 1249 935 1312; x_wconf 86' lang='lat' dir='ltr'>studentium</span> <span class='ocrx_word' id='word_1_42' title='bbox 969 1245 1205 1310; x_wconf 90' lang='lat' dir='ltr'>modernorum</span> <span class='ocrx_word' id='word_1_43' title='bbox 1242 1265 1381 1327; x_wconf 85' lang='lat' dir='ltr'>magnas</span> <span class='ocrx_word' id='word_1_44' title='bbox 1415 1242 1554 1325; x_wconf 84' lang='lat' dir='ltr'>negligit</span> 
     </span>
     <span class='ocr_line' id='line_1_7' title="bbox 395 1345 1554 1433; baseline -0.006 -18"><span class='ocrx_word' id='word_1_45' title='bbox 395 1353 558 1430; x_wconf 70' lang='lat' dir='ltr'>scientias</span> <span class='ocrx_word' id='word_1_46' title='bbox 574 1372 649 1416; x_wconf 90' lang='lat' dir='ltr'>cum</span> <span class='ocrx_word' id='word_1_47' title='bbox 674 1361 785 1415; x_wconf 91' lang='lat' dir='ltr'>tamen</span> <span class='ocrx_word' id='word_1_48' title='bbox 803 1350 925 1414; x_wconf 82' lang='lat' dir='ltr'>suerint</span> <span class='ocrx_word' id='word_1_49' title='bbox 942 1350 1151 1413; x_wconf 87' lang='lat' dir='ltr'>introductae</span> <span class='ocrx_word' id='word_1_50' title='bbox 1175 1358 1251 1433; x_wconf 87' lang='lat' dir='ltr'>post</span> <span class='ocrx_word' id='word_1_51' title='bbox 1275 1349 1471 1412; x_wconf 86' lang='lat' dir='ltr'>Gratianum</span> <span class='ocrx_word' id='word_1_52' title='bbox 1498 1345 1554 1408; x_wconf 77' lang='lat' dir='ltr'>et2</span> 
     </span>
     <span class='ocr_line' id='line_1_8' title="bbox 394 1446 1554 1537; baseline -0.01 -17"><span class='ocrx_word' id='word_1_53' title='bbox 394 1455 477 1520; x_wconf 84' lang='lat' dir='ltr'>alios</span> <span class='ocrx_word' id='word_1_54' title='bbox 504 1464 537 1518; x_wconf 90' lang='lat' dir='ltr'>et</span> <span class='ocrx_word' id='word_1_55' title='bbox 565 1455 598 1518; x_wconf 93' lang='lat' dir='ltr'>in</span> <span class='ocrx_word' id='word_1_56' title='bbox 625 1475 686 1517; x_wconf 90' lang='lat' dir='ltr'>usu</span> <span class='ocrx_word' id='word_1_57' title='bbox 717 1474 775 1537; x_wconf 95' lang='lat' dir='ltr'>per</span> <span class='ocrx_word' id='word_1_58' title='bbox 797 1455 884 1516; x_wconf 93' lang='lat' dir='ltr'>viros</span> <span class='ocrx_word' id='word_1_59' title='bbox 911 1453 1094 1536; x_wconf 84' lang='lat' dir='ltr'>sapientiae</span> <span class='ocrx_word' id='word_1_60' title='bbox 1116 1451 1321 1525; x_wconf 89' lang='lat' dir='ltr'>excellentis,</span> <span class='ocrx_word' id='word_1_61' title='bbox 1343 1470 1427 1532; x_wconf 91' lang='lat' dir='ltr'>quos</span> <span class='ocrx_word' id='word_1_62' title='bbox 1450 1446 1554 1511; x_wconf 91' lang='lat' dir='ltr'>oculis</span> 
     </span>
     <span class='ocr_line' id='line_1_9' title="bbox 395 1541 1553 1640; baseline -0.006 -20"><span class='ocrx_word' id='word_1_63' title='bbox 395 1558 518 1620; x_wconf 89' lang='lat' dir='ltr'>nostris</span> <span class='ocrx_word' id='word_1_64' title='bbox 534 1541 813 1640; x_wconf 73' lang='lat' dir='ltr'>conspeximus²;</span> <span class='ocrx_word' id='word_1_65' title='bbox 837 1567 870 1619; x_wconf 94' lang='lat' dir='ltr'>et</span> <span class='ocrx_word' id='word_1_66' title='bbox 886 1556 987 1638; x_wconf 90' lang='lat' dir='ltr'>aliqui</span> <span class='ocrx_word' id='word_1_67' title='bbox 1004 1556 1114 1619; x_wconf 88' lang='lat' dir='ltr'>adhuc</span> <span class='ocrx_word' id='word_1_68' title='bbox 1128 1556 1244 1619; x_wconf 91' lang='lat' dir='ltr'>vivunt</span> <span class='ocrx_word' id='word_1_69' title='bbox 1261 1554 1317 1636; x_wconf 92' lang='lat' dir='ltr'>qui</span> <span class='ocrx_word' id='word_1_70' title='bbox 1341 1554 1374 1616; x_wconf 92' lang='lat' dir='ltr'>in</span> <span class='ocrx_word' id='word_1_71' title='bbox 1398 1551 1553 1616; x_wconf 91' lang='lat' dir='ltr'>solemni-</span> 
     </span>
     <span class='ocr_line' id='line_1_10' title="bbox 396 1657 1137 1743; baseline -0.001 -21"><span class='ocrx_word' id='word_1_72' title='bbox 396 1660 458 1722; x_wconf 91' lang='lat' dir='ltr'>bus</span> <span class='ocrx_word' id='word_1_73' title='bbox 475 1659 593 1722; x_wconf 90' lang='lat' dir='ltr'>studiis</span> <span class='ocrx_word' id='word_1_74' title='bbox 609 1680 665 1723; x_wconf 89' lang='lat' dir='ltr'>eas</span> <span class='ocrx_word' id='word_1_75' title='bbox 681 1658 887 1743; x_wconf 89' lang='lat' dir='ltr'>sapientibus</span> <span class='ocrx_word' id='word_1_76' title='bbox 904 1657 1137 1742; x_wconf 77' lang='lat' dir='ltr'>perlegerunt.³</span> 
     </span>
    </p>
   </div>
   <div class='ocr_carea' id='block_1_3' title="bbox 795 2111 1155 2180">
    <p class='ocr_par' dir='ltr' id='par_1_3' title="bbox 795 2111 1155 2180">
     <span class='ocr_line' id='line_1_11' title="bbox 795 2111 1155 2180; baseline -0.006 -1"><span class='ocrx_word' id='word_1_77' title='bbox 795 2114 1021 2180; x_wconf 78' lang='lat' dir='ltr'>Cnmrununr</span> <span class='ocrx_word' id='word_1_78' title='bbox 1045 2111 1155 2178; x_wconf 74' lang='lat' dir='ltr'>XVI.t</span> 
     </span>
    </p>
   </div>
   <div class='ocr_carea' id='block_1_4' title="bbox 396 2322 1561 4274">
    <p class='ocr_par' dir='ltr' id='par_1_4' title="bbox 396 2322 1561 4274">
     <span class='ocr_line' id='line_1_12' title="bbox 441 2322 1556 2410; baseline -0.003 -21"><span class='ocrx_word' id='word_1_79' title='bbox 441 2324 618 2410; x_wconf 83' lang='lat' dir='ltr'>[Quamvis</span> <span class='ocrx_word' id='word_1_80' title='bbox 635 2334 746 2386; x_wconf 90' lang='lat' dir='ltr'>autem</span> <span class='ocrx_word' id='word_1_81' title='bbox 764 2323 843 2386; x_wconf 90' lang='lat' dir='ltr'>istas</span> <span class='ocrx_word' id='word_1_82' title='bbox 866 2343 983 2386; x_wconf 90' lang='lat' dir='ltr'>causas</span> <span class='ocrx_word' id='word_1_83' title='bbox 1007 2322 1171 2385; x_wconf 91' lang='lat' dir='ltr'>malorum</span> <span class='ocrx_word' id='word_1_84' title='bbox 1188 2323 1337 2386; x_wconf 92' lang='lat' dir='ltr'>omnium</span> <span class='ocrx_word' id='word_1_85' title='bbox 1355 2322 1556 2387; x_wconf 89' lang='lat' dir='ltr'>universales</span> 
     </span>
     <span class='ocr_line' id='line_1_13' title="bbox 397 2426 1555 2514; baseline -0.003 -21"><span class='ocrx_word' id='word_1_86' title='bbox 397 2450 576 2514; x_wconf 90' lang='lat' dir='ltr'>persequor</span> <span class='ocrx_word' id='word_1_87' title='bbox 592 2450 636 2492; x_wconf 88' lang='lat' dir='ltr'>ex</span> <span class='ocrx_word' id='word_1_88' title='bbox 660 2429 781 2504; x_wconf 91' lang='lat' dir='ltr'>anim0‚</span> <span class='ocrx_word' id='word_1_89' title='bbox 796 2436 829 2490; x_wconf 92' lang='lat' dir='ltr'>et</span> <span class='ocrx_word' id='word_1_90' title='bbox 848 2426 966 2490; x_wconf 92' lang='lat' dir='ltr'>vellem</span> <span class='ocrx_word' id='word_1_91' title='bbox 990 2428 1104 2489; x_wconf 90' lang='lat' dir='ltr'>omnia</span> <span class='ocrx_word' id='word_1_92' title='bbox 1124 2427 1236 2490; x_wconf 89' lang='lat' dir='ltr'>reduci</span> <span class='ocrx_word' id='word_1_93' title='bbox 1258 2427 1301 2490; x_wconf 91' lang='lat' dir='ltr'>ad</span> <span class='ocrx_word' id='word_1_94' title='bbox 1323 2428 1555 2490; x_wconf 89' lang='lat' dir='ltr'>auctoritatem</span> 
     </span>
     <span class='ocr_line' id='line_1_14' title="bbox 398 2531 1556 2614; baseline -0.003 -16"><span class='ocrx_word' id='word_1_95' title='bbox 398 2534 548 2611; x_wconf 91' lang='lat' dir='ltr'>solidam,</span> <span class='ocrx_word' id='word_1_96' title='bbox 564 2545 597 2597; x_wconf 91' lang='lat' dir='ltr'>et</span> <span class='ocrx_word' id='word_1_97' title='bbox 613 2553 746 2596; x_wconf 90' lang='lat' dir='ltr'>sensum</span> <span class='ocrx_word' id='word_1_98' title='bbox 770 2532 959 2614; x_wconf 88' lang='lat' dir='ltr'>sapientum</span> <span class='ocrx_word' id='word_1_99' title='bbox 983 2541 1017 2594; x_wconf 92' lang='lat' dir='ltr'>et</span> <span class='ocrx_word' id='word_1_100' title='bbox 1039 2542 1263 2614; x_wconf 87' lang='lat' dir='ltr'>expertorum,</span> <span class='ocrx_word' id='word_1_101' title='bbox 1278 2531 1335 2614; x_wconf 90' lang='lat' dir='ltr'>qui</span> <span class='ocrx_word' id='word_1_102' title='bbox 1354 2533 1452 2614; x_wconf 91' lang='lat' dir='ltr'>pauci</span> <span class='ocrx_word' id='word_1_103' title='bbox 1467 2542 1556 2608; x_wconf 91' lang='lat' dir='ltr'>sunt,</span> 
     </span>
     <span class='ocr_line' id='line_1_15' title="bbox 397 2634 1558 2718; baseline -0.003 -15"><span class='ocrx_word' id='word_1_104' title='bbox 397 2661 465 2702; x_wconf 93' lang='lat' dir='ltr'>non</span> <span class='ocrx_word' id='word_1_105' title='bbox 476 2648 588 2702; x_wconf 91' lang='lat' dir='ltr'>tamen</span> <span class='ocrx_word' id='word_1_106' title='bbox 599 2638 712 2702; x_wconf 91' lang='lat' dir='ltr'>credat</span> <span class='ocrx_word' id='word_1_107' title='bbox 726 2637 1029 2711; x_wconf 86' lang='lat' dir='ltr'>SerenitasVestra,</span> <span class='ocrx_word' id='word_1_108' title='bbox 1037 2636 1126 2718; x_wconf 92' lang='lat' dir='ltr'>quod</span> <span class='ocrx_word' id='word_1_109' title='bbox 1137 2656 1200 2718; x_wconf 87' lang='lat' dir='ltr'>ego</span> <span class='ocrx_word' id='word_1_110' title='bbox 1211 2634 1401 2698; x_wconf 82' lang='lat' dir='ltr'>intendam⁵</span> <span class='ocrx_word' id='word_1_111' title='bbox 1413 2636 1558 2700; x_wconf 82' lang='lat' dir='ltr'>Vestrae</span> 
     </span>
     <span class='ocr_line' id='line_1_16' title="bbox 398 2738 1554 2822; baseline -0.002 -17"><span class='ocrx_word' id='word_1_112' title='bbox 398 2742 609 2805; x_wconf 91' lang='lat' dir='ltr'>clementiam</span> <span class='ocrx_word' id='word_1_113' title='bbox 634 2740 829 2805; x_wconf 86' lang='lat' dir='ltr'>Sanctitatis</span> <span class='ocrx_word' id='word_1_114' title='bbox 852 2740 1010 2815; x_wconf 87' lang='lat' dir='ltr'>excitare,</span> <span class='ocrx_word' id='word_1_115' title='bbox 1025 2748 1062 2801; x_wconf 92' lang='lat' dir='ltr'>ut</span> <span class='ocrx_word' id='word_1_116' title='bbox 1077 2748 1228 2803; x_wconf 81' lang='lat' dir='ltr'>auctores</span> <span class='ocrx_word' id='word_1_117' title='bbox 1250 2738 1382 2820; x_wconf 86' lang='lat' dir='ltr'>fragiles</span> <span class='ocrx_word' id='word_1_118' title='bbox 1398 2750 1431 2802; x_wconf 89' lang='lat' dir='ltr'>et</span> <span class='ocrx_word' id='word_1_119' title='bbox 1448 2740 1554 2822; x_wconf 89' lang='lat' dir='ltr'>ipsam</span> 
     </span>
     <span class='ocr_line' id='line_1_17' title="bbox 398 2842 1554 2925; baseline -0.002 -17"><span class='ocrx_word' id='word_1_120' title='bbox 398 2843 646 2908; x_wconf 86' lang='lat' dir='ltr'>multitudinem</span> <span class='ocrx_word' id='word_1_121' title='bbox 672 2843 832 2924; x_wconf 86' lang='lat' dir='ltr'>Majestas</span> <span class='ocrx_word' id='word_1_122' title='bbox 857 2843 989 2925; x_wconf 90' lang='lat' dir='ltr'>Papalis</span> <span class='ocrx_word' id='word_1_123' title='bbox 1011 2842 1174 2906; x_wconf 91' lang='lat' dir='ltr'>violenter</span> <span class='ocrx_word' id='word_1_124' title='bbox 1196 2844 1353 2923; x_wconf 89' lang='lat' dir='ltr'>invadat;</span> <span class='ocrx_word' id='word_1_125' title='bbox 1376 2863 1437 2905; x_wconf 93' lang='lat' dir='ltr'>nec</span> <span class='ocrx_word' id='word_1_126' title='bbox 1462 2844 1554 2924; x_wconf 94' lang='lat' dir='ltr'>quod</span> 
     </span>
     <span class='ocr_line' id='line_1_18' title="bbox 397 2945 1554 3031; baseline -0.002 -19"><span class='ocrx_word' id='word_1_127' title='bbox 397 2970 461 3031; x_wconf 86' lang='lat' dir='ltr'>ego</span> <span class='ocrx_word' id='word_1_128' title='bbox 484 2948 640 3030; x_wconf 87' lang='lat' dir='ltr'>indignus</span> <span class='ocrx_word' id='word_1_129' title='bbox 664 2945 726 3008; x_wconf 89' lang='lat' dir='ltr'>sub</span> <span class='ocrx_word' id='word_1_130' title='bbox 752 2945 871 3008; x_wconf 90' lang='lat' dir='ltr'>umbra</span> <span class='ocrx_word' id='word_1_131' title='bbox 899 2946 1033 3009; x_wconf 91' lang='lat' dir='ltr'>Gloriae</span> <span class='ocrx_word' id='word_1_132' title='bbox 1060 2946 1201 3009; x_wconf 90' lang='lat' dir='ltr'>Vestrae</span> <span class='ocrx_word' id='word_1_133' title='bbox 1224 2946 1380 3008; x_wconf 88' lang='lat' dir='ltr'>suscitem</span> <span class='ocrx_word' id='word_1_134' title='bbox 1407 2946 1554 3028; x_wconf 89' lang='lat' dir='ltr'>aliquam</span> 
     </span>
     <span class='ocr_line' id='line_1_19' title="bbox 396 3049 1555 3136; baseline -0.003 -20"><span class='ocrx_word' id='word_1_135' title='bbox 396 3073 496 3136; x_wconf 90' lang='lat' dir='ltr'>super</span> <span class='ocrx_word' id='word_1_136' title='bbox 512 3053 601 3115; x_wconf 87' lang='lat' dir='ltr'>sacto</span> <span class='ocrx_word' id='word_1_137' title='bbox 620 3050 722 3113; x_wconf 89' lang='lat' dir='ltr'>studii</span> <span class='ocrx_word' id='word_1_138' title='bbox 746 3049 955 3130; x_wconf 90' lang='lat' dir='ltr'>molestiam;</span> <span class='ocrx_word' id='word_1_139' title='bbox 979 3049 1037 3112; x_wconf 93' lang='lat' dir='ltr'>sed</span> <span class='ocrx_word' id='word_1_140' title='bbox 1060 3059 1097 3112; x_wconf 90' lang='lat' dir='ltr'>ut</span> <span class='ocrx_word' id='word_1_141' title='bbox 1120 3070 1237 3112; x_wconf 88' lang='lat' dir='ltr'>mensa</span> <span class='ocrx_word' id='word_1_142' title='bbox 1261 3050 1400 3112; x_wconf 93' lang='lat' dir='ltr'>Domini</span> <span class='ocrx_word' id='word_1_143' title='bbox 1424 3051 1555 3113; x_wconf 89' lang='lat' dir='ltr'>serculis</span> 
     </span>
     <span class='ocr_line' id='line_1_20' title="bbox 397 3153 1557 3240; baseline -0.003 -20"><span class='ocrx_word' id='word_1_144' title='bbox 397 3155 649 3240; x_wconf 87' lang='lat' dir='ltr'>sapientialibus</span> <span class='ocrx_word' id='word_1_145' title='bbox 672 3153 849 3228; x_wconf 90' lang='lat' dir='ltr'>cumulata,</span> <span class='ocrx_word' id='word_1_146' title='bbox 873 3174 937 3236; x_wconf 91' lang='lat' dir='ltr'>ego</span> <span class='ocrx_word' id='word_1_147' title='bbox 959 3153 1179 3236; x_wconf 91' lang='lat' dir='ltr'>pauperculus</span> <span class='ocrx_word' id='word_1_148' title='bbox 1202 3153 1305 3216; x_wconf 91' lang='lat' dir='ltr'>micas</span> <span class='ocrx_word' id='word_1_149' title='bbox 1333 3155 1557 3217; x_wconf 75' lang='lat' dir='ltr'>necessarias⁰</span> 
     </span>
     <span class='ocr_line' id='line_1_21' title="bbox 399 3253 1557 3340; baseline -0.002 -17"><span class='ocrx_word' id='word_1_150' title='bbox 399 3260 479 3323; x_wconf 93' lang='lat' dir='ltr'>mihi</span> <span class='ocrx_word' id='word_1_151' title='bbox 503 3258 656 3340; x_wconf 88' lang='lat' dir='ltr'>colligam</span> <span class='ocrx_word' id='word_1_152' title='bbox 681 3256 883 3321; x_wconf 88' lang='lat' dir='ltr'>decidentes.</span> <span class='ocrx_word' id='word_1_153' title='bbox 929 3258 1053 3319; x_wconf 90' lang='lat' dir='ltr'>Poterit</span> <span class='ocrx_word' id='word_1_154' title='bbox 1075 3253 1195 3338; x_wconf 83' lang='lat' dir='ltr'>igitur⁷</span> <span class='ocrx_word' id='word_1_155' title='bbox 1215 3257 1357 3320; x_wconf 88' lang='lat' dir='ltr'>Vestrae</span> <span class='ocrx_word' id='word_1_156' title='bbox 1381 3259 1557 3321; x_wconf 89' lang='lat' dir='ltr'>Potentiae</span> 
     </span>
     <span class='ocr_line' id='line_1_22' title="bbox 400 3359 1557 3445; baseline -0.002 -19"><span class='ocrx_word' id='word_1_157' title='bbox 400 3362 598 3445; x_wconf 85' lang='lat' dir='ltr'>magnitudo</span> <span class='ocrx_word' id='word_1_158' title='bbox 614 3360 722 3423; x_wconf 89' lang='lat' dir='ltr'>sibiet</span> <span class='ocrx_word' id='word_1_159' title='bbox 738 3360 982 3422; x_wconf 88' lang='lat' dir='ltr'>successoribus</span> <span class='ocrx_word' id='word_1_160' title='bbox 1004 3360 1072 3423; x_wconf 92' lang='lat' dir='ltr'>suis</span> <span class='ocrx_word' id='word_1_161' title='bbox 1095 3359 1268 3443; x_wconf 88' lang='lat' dir='ltr'>providere</span> <span class='ocrx_word' id='word_1_162' title='bbox 1284 3359 1326 3423; x_wconf 90' lang='lat' dir='ltr'>de</span> <span class='ocrx_word' id='word_1_163' title='bbox 1342 3361 1446 3423; x_wconf 90' lang='lat' dir='ltr'>totius</span> <span class='ocrx_word' id='word_1_164' title='bbox 1468 3363 1557 3444; x_wconf 89' lang='lat' dir='ltr'>sapi·</span> 
     </span>
     <span class='ocr_line' id='line_1_23' title="bbox 400 3462 1557 3547; baseline -0.002 -18"><span class='ocrx_word' id='word_1_165' title='bbox 400 3469 509 3530; x_wconf 85' lang='lat' dir='ltr'>entiae</span> <span class='ocrx_word' id='word_1_166' title='bbox 525 3464 763 3547; x_wconf 86' lang='lat' dir='ltr'>compendiosa</span> <span class='ocrx_word' id='word_1_167' title='bbox 778 3462 987 3546; x_wconf 90' lang='lat' dir='ltr'>plenitudine</span> <span class='ocrx_word' id='word_1_168' title='bbox 1005 3485 1072 3526; x_wconf 91' lang='lat' dir='ltr'>non</span> <span class='ocrx_word' id='word_1_169' title='bbox 1096 3462 1203 3526; x_wconf 90' lang='lat' dir='ltr'>solum</span> <span class='ocrx_word' id='word_1_170' title='bbox 1225 3462 1377 3527; x_wconf 92' lang='lat' dir='ltr'>absolute</span> <span class='ocrx_word' id='word_1_171' title='bbox 1393 3463 1557 3541; x_wconf 89' lang='lat' dir='ltr'>habenda,</span> 
     </span>
     <span class='ocr_line' id='line_1_24' title="bbox 400 3565 1558 3651; baseline -0.001 -19"><span class='ocrx_word' id='word_1_172' title='bbox 400 3568 459 3632; x_wconf 91' lang='lat' dir='ltr'>sed</span> <span class='ocrx_word' id='word_1_173' title='bbox 472 3576 616 3651; x_wconf 91' lang='lat' dir='ltr'>quatuor</span> <span class='ocrx_word' id='word_1_174' title='bbox 630 3565 738 3628; x_wconf 91' lang='lat' dir='ltr'>modis</span> <span class='ocrx_word' id='word_1_175' title='bbox 747 3565 926 3649; x_wconf 90' lang='lat' dir='ltr'>praedictis</span> <span class='ocrx_word' id='word_1_176' title='bbox 938 3575 1139 3648; x_wconf 87' lang='lat' dir='ltr'>comparata.</span> <span class='ocrx_word' id='word_1_177' title='bbox 1185 3566 1318 3629; x_wconf 91' lang='lat' dir='ltr'>Deinde</span> <span class='ocrx_word' id='word_1_178' title='bbox 1329 3588 1405 3629; x_wconf 89' lang='lat' dir='ltr'>cum</span> <span class='ocrx_word' id='word_1_179' title='bbox 1416 3567 1558 3631; x_wconf 90' lang='lat' dir='ltr'>Vestrae</span> 
     </span>
     <span class='ocr_line' id='line_1_25' title="bbox 402 3668 1558 3754; baseline -0.001 -19"><span class='ocrx_word' id='word_1_180' title='bbox 402 3670 615 3735; x_wconf 90' lang='lat' dir='ltr'>Paternitatis</span> <span class='ocrx_word' id='word_1_181' title='bbox 640 3669 794 3732; x_wconf 88' lang='lat' dir='ltr'>discretio</span> <span class='ocrx_word' id='word_1_182' title='bbox 818 3669 1000 3752; x_wconf 92' lang='lat' dir='ltr'>pleniorem</span> <span class='ocrx_word' id='word_1_183' title='bbox 1024 3668 1066 3732; x_wconf 93' lang='lat' dir='ltr'>de</span> <span class='ocrx_word' id='word_1_184' title='bbox 1089 3670 1141 3732; x_wconf 91' lang='lat' dir='ltr'>his</span> <span class='ocrx_word' id='word_1_185' title='bbox 1163 3670 1396 3734; x_wconf 89' lang='lat' dir='ltr'>certitudinem</span> <span class='ocrx_word' id='word_1_186' title='bbox 1412 3681 1558 3754; x_wconf 89' lang='lat' dir='ltr'>reporta·</span> 
     </span>
     <span class='ocr_line' id='line_1_26' title="bbox 401 3772 1558 3858; baseline -0.001 -19"><span class='ocrx_word' id='word_1_187' title='bbox 401 3777 493 3850; x_wconf 91' lang='lat' dir='ltr'>verit,</span> <span class='ocrx_word' id='word_1_188' title='bbox 511 3774 629 3857; x_wconf 90' lang='lat' dir='ltr'>poterit</span> <span class='ocrx_word' id='word_1_189' title='bbox 642 3772 847 3836; x_wconf 90' lang='lat' dir='ltr'>auctoritatis</span> <span class='ocrx_word' id='word_1_190' title='bbox 860 3782 989 3836; x_wconf 84' lang='lat' dir='ltr'>vestrae</span> <span class='ocrx_word' id='word_1_191' title='bbox 1001 3773 1164 3855; x_wconf 90' lang='lat' dir='ltr'>judicium</span> <span class='ocrx_word' id='word_1_192' title='bbox 1180 3774 1337 3837; x_wconf 91' lang='lat' dir='ltr'>studiosis</span> <span class='ocrx_word' id='word_1_193' title='bbox 1353 3783 1387 3837; x_wconf 93' lang='lat' dir='ltr'>et</span> <span class='ocrx_word' id='word_1_194' title='bbox 1402 3775 1558 3858; x_wconf 89' lang='lat' dir='ltr'>sapienti-</span> 
     </span>
     <span class='ocr_line' id='line_1_27' title="bbox 396 3876 1559 3960; baseline 0 -18"><span class='ocrx_word' id='word_1_195' title='bbox 396 3880 465 3960; x_wconf 89' lang='lat' dir='ltr'>bus</span> <span class='ocrx_word' id='word_1_196' title='bbox 488 3878 530 3941; x_wconf 94' lang='lat' dir='ltr'>de</span> <span class='ocrx_word' id='word_1_197' title='bbox 552 3877 639 3941; x_wconf 87' lang='lat' dir='ltr'>facili</span> <span class='ocrx_word' id='word_1_198' title='bbox 662 3876 868 3960; x_wconf 89' lang='lat' dir='ltr'>persuadere,</span> <span class='ocrx_word' id='word_1_199' title='bbox 893 3886 930 3940; x_wconf 91' lang='lat' dir='ltr'>ut</span> <span class='ocrx_word' id='word_1_200' title='bbox 952 3876 1042 3959; x_wconf 91' lang='lat' dir='ltr'>quod</span> <span class='ocrx_word' id='word_1_201' title='bbox 1064 3877 1183 3959; x_wconf 85' lang='lat' dir='ltr'>vulgus</span> <span class='ocrx_word' id='word_1_202' title='bbox 1206 3876 1412 3941; x_wconf 90' lang='lat' dir='ltr'>studentium</span> <span class='ocrx_word' id='word_1_203' title='bbox 1440 3899 1559 3960; x_wconf 89' lang='lat' dir='ltr'>capere</span> 
     </span>
     <span class='ocr_line' id='line_1_28' title="bbox 403 3980 1560 4067; baseline 0.001 -22"><span class='ocrx_word' id='word_1_204' title='bbox 403 4004 470 4046; x_wconf 92' lang='lat' dir='ltr'>non</span> <span class='ocrx_word' id='word_1_205' title='bbox 493 3989 613 4066; x_wconf 88' lang='lat' dir='ltr'>potest,</span> <span class='ocrx_word' id='word_1_206' title='bbox 635 3981 747 4063; x_wconf 90' lang='lat' dir='ltr'>cupidi</span> <span class='ocrx_word' id='word_1_207' title='bbox 772 3980 956 4063; x_wconf 90' lang='lat' dir='ltr'>sapientiae</span> <span class='ocrx_word' id='word_1_208' title='bbox 978 4001 1014 4042; x_wconf 89' lang='lat' dir='ltr'>se</span> <span class='ocrx_word' id='word_1_209' title='bbox 1037 3985 1207 4063; x_wconf 88' lang='lat' dir='ltr'>gaudeant</span> <span class='ocrx_word' id='word_1_210' title='bbox 1230 3981 1401 4060; x_wconf 83' lang='lat' dir='ltr'>obtinere3</span> <span class='ocrx_word' id='word_1_211' title='bbox 1425 3982 1560 4067; x_wconf 89' lang='lat' dir='ltr'>insuper</span> 
     </span>
     <span class='ocr_line' id='line_1_29' title="bbox 403 4083 1559 4169; baseline 0.001 -21"><span class='ocrx_word' id='word_1_212' title='bbox 403 4095 566 4169; x_wconf 91' lang='lat' dir='ltr'>quantum</span> <span class='ocrx_word' id='word_1_213' title='bbox 589 4083 709 4146; x_wconf 88' lang='lat' dir='ltr'>sufficit</span> <span class='ocrx_word' id='word_1_214' title='bbox 732 4083 939 4147; x_wconf 91' lang='lat' dir='ltr'>multitudini</span> <span class='ocrx_word' id='word_1_215' title='bbox 961 4105 1037 4166; x_wconf 93' lang='lat' dir='ltr'>spes</span> <span class='ocrx_word' id='word_1_216' title='bbox 1060 4085 1232 4168; x_wconf 85' lang='lat' dir='ltr'>promittit</span> <span class='ocrx_word' id='word_1_217' title='bbox 1278 4085 1367 4148; x_wconf 87' lang='lat' dir='ltr'>Nam</span> <span class='ocrx_word' id='word_1_218' title='bbox 1392 4086 1559 4168; x_wconf 89' lang='lat' dir='ltr'>Hierony-</span> 
     </span>
     <span class='ocr_line' id='line_1_30' title="bbox 404 4187 1561 4274; baseline 0 -20"><span class='ocrx_word' id='word_1_219' title='bbox 404 4211 479 4254; x_wconf 92' lang='lat' dir='ltr'>mus</span> <span class='ocrx_word' id='word_1_220' title='bbox 502 4189 582 4252; x_wconf 92' lang='lat' dir='ltr'>dicit</span> <span class='ocrx_word' id='word_1_221' title='bbox 597 4209 696 4274; x_wconf 92' lang='lat' dir='ltr'>super</span> <span class='ocrx_word' id='word_1_222' title='bbox 725 4187 857 4266; x_wconf 85' lang='lat' dir='ltr'>isaiam,</span> <span class='ocrx_word' id='word_1_223' title='bbox 871 4193 878 4218; x_wconf 91' lang='lat'>‘</span> <span class='ocrx_word' id='word_1_224' title='bbox 891 4187 1085 4267; x_wconf 84' lang='lat' dir='ltr'>Multitudo,</span> <span class='ocrx_word' id='word_1_225' title='bbox 1100 4199 1238 4272; x_wconf 88' lang='lat' dir='ltr'>accepta</span> <span class='ocrx_word' id='word_1_226' title='bbox 1252 4190 1400 4270; x_wconf 88' lang='lat' dir='ltr'>veritate,</span> <span class='ocrx_word' id='word_1_227' title='bbox 1415 4190 1457 4256; x_wconf 93' lang='lat' dir='ltr'>de</span> <span class='ocrx_word' id='word_1_228' title='bbox 1473 4190 1561 4256; x_wconf 86' lang='lat' dir='ltr'>sacili</span> 
     </span>
    </p>
   </div>
   <div class='ocr_carea' id='block_1_5' title="bbox 399 4355 1564 4747">
    <p class='ocr_par' dir='ltr' id='par_1_5' title="bbox 399 4355 1564 4747">
     <span class='ocr_line' id='line_1_31' title="bbox 399 4355 1267 4423; baseline 0.005 -17"><span class='ocrx_word' id='word_1_229' title='bbox 399 4399 403 4406; x_wconf 91' lang='lat'>.</span> <span class='ocrx_word' id='word_1_230' title='bbox 437 4357 447 4390; x_wconf 88' lang='lat'>1</span> <span class='ocrx_word' id='word_1_231' title='bbox 465 4359 509 4419; x_wconf 87' lang='lat' dir='ltr'>V.,</span> <span class='ocrx_word' id='word_1_232' title='bbox 522 4374 571 4409; x_wconf 88' lang='lat' dir='ltr'>om.</span> <span class='ocrx_word' id='word_1_233' title='bbox 587 4355 734 4420; x_wconf 84' lang='lat' dir='ltr'>infidelium.</span> <span class='ocrx_word' id='word_1_234' title='bbox 777 4356 809 4408; x_wconf 92' lang='grc' dir='ltr'>Ο.</span> <span class='ocrx_word' id='word_1_235' title='bbox 823 4373 874 4408; x_wconf 88' lang='lat' dir='ltr'>om.</span> <span class='ocrx_word' id='word_1_236' title='bbox 888 4357 1070 4423; x_wconf 77' lang='lat' dir='ltr'>reprobationis</span> <span class='ocrx_word' id='word_1_237' title='bbox 1081 4357 1267 4422; x_wconf 81' lang='lat' dir='ltr'>praescitorum.</span> 
     </span>
     <span class='ocr_line' id='line_1_32' title="bbox 437 4437 1562 4506; baseline 0.003 -16"><span class='ocrx_word' id='word_1_238' title='bbox 437 4439 448 4472; x_wconf 73' lang='lat'>²</span> <span class='ocrx_word' id='word_1_239' title='bbox 465 4440 496 4490; x_wconf 90' lang='grc' dir='ltr'>Ο.</span> <span class='ocrx_word' id='word_1_240' title='bbox 512 4456 561 4490; x_wconf 93' lang='lat' dir='ltr'>om.</span> <span class='ocrx_word' id='word_1_241' title='bbox 577 4447 601 4489; x_wconf 86' lang='lat' dir='ltr'>et</span> <span class='ocrx_word' id='word_1_242' title='bbox 612 4439 891 4504; x_wconf 81' lang='lat' dir='ltr'>alios-conspeximus.</span> <span class='ocrx_word' id='word_1_243' title='bbox 1066 4437 1078 4470; x_wconf 81' lang='lat'>⁸</span> <span class='ocrx_word' id='word_1_244' title='bbox 1094 4440 1137 4501; x_wconf 92' lang='grc'>0.,</span> <span class='ocrx_word' id='word_1_245' title='bbox 1150 4440 1194 4504; x_wconf 89' lang='lat' dir='ltr'>qui</span> <span class='ocrx_word' id='word_1_246' title='bbox 1204 4440 1231 4490; x_wconf 91' lang='lat' dir='ltr'>in</span> <span class='ocrx_word' id='word_1_247' title='bbox 1241 4439 1330 4491; x_wconf 84' lang='lat' dir='ltr'>studiis</span> <span class='ocrx_word' id='word_1_248' title='bbox 1340 4456 1383 4490; x_wconf 89' lang='lat' dir='ltr'>eas</span> <span class='ocrx_word' id='word_1_249' title='bbox 1393 4442 1562 4506; x_wconf 85' lang='lat' dir='ltr'>perlegerunt.</span> 
     </span>
     <span class='ocr_line' id='line_1_33' title="bbox 437 4520 1564 4587; baseline 0.004 -15"><span class='ocrx_word' id='word_1_250' title='bbox 437 4521 449 4553; x_wconf 85' lang='lat'><strong>⁴</strong></span> <span class='ocrx_word' id='word_1_251' title='bbox 465 4523 528 4572; x_wconf 87' lang='lat' dir='ltr'>This</span> <span class='ocrx_word' id='word_1_252' title='bbox 544 4522 646 4587; x_wconf 79' lang='lat' dir='ltr'>chapter</span> <span class='ocrx_word' id='word_1_253' title='bbox 663 4520 684 4584; x_wconf 81' lang='lat' dir='ltr'>is</span> <span class='ocrx_word' id='word_1_254' title='bbox 701 4521 808 4570; x_wconf 87' lang='lat' dir='ltr'>omitted</span> <span class='ocrx_word' id='word_1_255' title='bbox 824 4521 851 4570; x_wconf 93' lang='lat' dir='ltr'>in</span> <span class='ocrx_word' id='word_1_256' title='bbox 865 4520 889 4585; x_wconf 89' lang='lat' dir='ltr'>J.</span> <span class='ocrx_word' id='word_1_257' title='bbox 912 4520 965 4570; x_wconf 86' lang='lat' dir='ltr'>aud</span> <span class='ocrx_word' id='word_1_258' title='bbox 980 4521 1012 4571; x_wconf 92' lang='lat' dir='ltr'>V.</span> <span class='ocrx_word' id='word_1_259' title='bbox 1048 4522 1098 4570; x_wconf 89' lang='lat' dir='ltr'>But</span> <span class='ocrx_word' id='word_1_260' title='bbox 1115 4521 1134 4570; x_wconf 85' lang='lat' dir='ltr'>it</span> <span class='ocrx_word' id='word_1_261' title='bbox 1156 4520 1178 4572; x_wconf 88' lang='lat' dir='ltr'>is</span> <span class='ocrx_word' id='word_1_262' title='bbox 1194 4522 1272 4571; x_wconf 81' lang='lat' dir='ltr'>found</span> <span class='ocrx_word' id='word_1_263' title='bbox 1290 4521 1316 4571; x_wconf 91' lang='lat' dir='ltr'>in</span> <span class='ocrx_word' id='word_1_264' title='bbox 1332 4525 1438 4574; x_wconf 82' lang='lat' dir='ltr'>another</span> <span class='ocrx_word' id='word_1_265' title='bbox 1460 4533 1564 4576; x_wconf 79' lang='lat' dir='ltr'>context</span> 
     </span>
     <span class='ocr_line' id='line_1_34' title="bbox 416 4602 1376 4672; baseline 0.002 -18"><span class='ocrx_word' id='word_1_266' title='bbox 416 4605 466 4658; x_wconf 79' lang='lat' dir='ltr'>and</span> <span class='ocrx_word' id='word_1_267' title='bbox 480 4605 506 4652; x_wconf 91' lang='lat' dir='ltr'>in</span> <span class='ocrx_word' id='word_1_268' title='bbox 516 4604 621 4654; x_wconf 83' lang='lat' dir='ltr'>another</span> <span class='ocrx_word' id='word_1_269' title='bbox 631 4610 685 4672; x_wconf 87' lang='lat' dir='ltr'>part</span> <span class='ocrx_word' id='word_1_270' title='bbox 697 4603 726 4664; x_wconf 83' lang='lat' dir='ltr'>of</span> <span class='ocrx_word' id='word_1_271' title='bbox 735 4604 777 4653; x_wconf 93' lang='lat' dir='ltr'>the</span> <span class='ocrx_word' id='word_1_272' title='bbox 789 4603 897 4652; x_wconf 83' lang='lat' dir='ltr'>Vatican</span> <span class='ocrx_word' id='word_1_273' title='bbox 909 4602 966 4654; x_wconf 91' lang='lat' dir='ltr'>MS.</span> <span class='ocrx_word' id='word_1_274' title='bbox 977 4603 1050 4664; x_wconf 85' lang='lat'><strong>4086.</strong></span> <span class='ocrx_word' id='word_1_275' title='bbox 1086 4603 1135 4654; x_wconf 90' lang='lat' dir='ltr'>See</span> <span class='ocrx_word' id='word_1_276' title='bbox 1146 4604 1286 4655; x_wconf 85' lang='lat' dir='ltr'>additional</span> <span class='ocrx_word' id='word_1_277' title='bbox 1295 4612 1376 4656; x_wconf 88' lang='lat' dir='ltr'>notes.</span> 
     </span>
     <span class='ocr_line' id='line_1_35' title="bbox 439 4682 1390 4747; baseline 0.001 -10"><span class='ocrx_word' id='word_1_278' title='bbox 439 4685 450 4722; x_wconf 70' lang='lat'><em>⁶</em></span> <span class='ocrx_word' id='word_1_279' title='bbox 467 4687 511 4747; x_wconf 90' lang='grc'>0.,</span> <span class='ocrx_word' id='word_1_280' title='bbox 523 4685 636 4740; x_wconf 86' lang='lat' dir='ltr'>intendo.</span> <span class='ocrx_word' id='word_1_281' title='bbox 801 4682 812 4715; x_wconf 78' lang='lat'><strong><em>⁶</em></strong></span> <span class='ocrx_word' id='word_1_282' title='bbox 829 4685 861 4737; x_wconf 91' lang='lat'>0.</span> <span class='ocrx_word' id='word_1_283' title='bbox 875 4701 925 4738; x_wconf 83' lang='lat' dir='ltr'>om.</span> <span class='ocrx_word' id='word_1_284' title='bbox 940 4685 1097 4738; x_wconf 78' lang='lat' dir='ltr'>necessarias.</span> <span class='ocrx_word' id='word_1_285' title='bbox 1229 4685 1240 4724; x_wconf 81' lang='lat'>⁷</span> <span class='ocrx_word' id='word_1_286' title='bbox 1258 4687 1301 4747; x_wconf 89' lang='grc'>0.,</span> <span class='ocrx_word' id='word_1_287' title='bbox 1315 4687 1390 4742; x_wconf 80' lang='lat' dir='ltr'>enim.</span> 
     </span>
    </p>
   </div>
   <div class='ocr_carea' id='block_1_6' title="bbox 0 0 1799 5442">
    <p class='ocr_par' dir='ltr' id='par_1_6' title="bbox 0 0 1799 5442">
     <span class='ocr_line' id='line_1_36' title="bbox 0 0 1799 5442; baseline 0 0"><span class='ocrx_word' id='word_1_288' title='bbox 0 0 1799 5442; x_wconf 95' lang='lat' dir='ltr'> </span> 
     </span>
    </p>
   </div>
  </div>
 </body>
</html>
