3559 5442
255 681 602 741 PHILOSOPHIAE
627 680 732 742 CUM
749 681 781 739 Τ
776 680 1016 742 HEOLOGIA
1038 680 1293 740 AFFINITAS.
1325 684 1363 756 63

207 842 330 920 mani1‚
345 853 525 925 antequam
550 841 675 906 Esdras
698 843 848 906 ascendit
871 843 914 905 de
936 841 1109 924 Babylone
1124 842 1157 905 in
1174 842 1365 923 Jerusalem.

207 948 296 1010 Nam
320 948 465 1030 septimo
486 968 576 1010 anno
591 947 683 1029 regni
699 946 770 1027 ejus
787 946 895 1028 prima
910 946 963 1008 die
980 947 1103 1008 mensis
1118 947 1217 1029 primi
1233 947 1366 1025 EsdraS,

207 1051 391 1114 secundum
408 1052 603 1134 scripturam
619 1061 653 1114 et
669 1051 857 1114 chronicam
868 1048 888 1126 ²,
905 1050 1072 1132 profectus
1088 1062 1146 1114 est.

613 1373 839 1437 Crnrurmr
864 1369 961 1434 XII.⁸

274 1559 368 1621 Haec
384 1566 497 1620 autem
513 1555 581 1620 duo
596 1576 719 1639 genera
735 1556 1055 1639 philosophantium,
1069 1557 1195 1620 scilicet
1215 1558 1366 1622 lonicum

205 1671 239 1725 et
262 1661 426 1734 Italicum,
442 1660 625 1724 ramificata
648 1669 727 1723 sunt
750 1681 808 1742 per
831 1660 955 1723 multas
978 1669 1086 1723 sectas
1108 1670 1142 1724 et
1164 1663 1367 1726 variossuc-

207 1787 353 1830 cessores
389 1785 495 1847 usque
527 1765 570 1828 ad
600 1764 788 1827 doctrinam
821 1765 1021 1840 Aristotelis
1050 1765 1109 1846 qui
1146 1767 1292 1830 correxit
1329 1788 1368 1831 ac

207 1871 350 1933 mutavit
386 1870 537 1932 omniurn
583 1868 852 1952 praecedentium
898 1869 1090 1951 positiones,
1127 1871 1184 1951 qui
1222 1870 1367 1953 philoso-

206 1975 320 2056 phiam
344 1972 501 2056 perficere
523 1981 662 2048 conatus
685 1982 744 2036 cst.
792 1972 1029 2036 Successcrunt
1051 1994 1129 2035 vero
1155 1974 1393 2057 Pythagoraef.
1409 1982 1529 2059 9ob0sJ.

207 2077 377 2159 Archytas
394 2077 594 2139 Tarentinus
610 2086 643 2139 et
659 2076 818 2139 Timaeus
831 2077 916 2138 inter
931 2075 1013 2138 alios
1028 2077 1178 2140 maxime
1193 2080 1356 2142 nominati
1378 2051 1465 2125 ΡΨ
1476 2050 1544 2108 here,

1358 2130 1412 2163 'rm
1446 2114 1542 2163 rfectin

209 2181 277 2246 Sed
301 2181 470 2263 praecipui
492 2180 681 2262 philosophi
704 2189 741 2243 ut
760 2180 915 2244 Socrates
936 2189 970 2242 et
993 2179 1090 2242 Plato
1111 2190 1146 2243 et
1166 2181 1366 2246 Aristoteles
1379 2130 1577 2255 rhdhrstdozen

208 2305 276 2347 non
300 2283 544 2346 descenderunt
565 2304 610 2346 ex
633 2283 696 2346 hac
719 2282 814 2360 linea,
830 2282 955 2345 immo4
973 2283 1077 2345 ionici
1100 2293 1135 2346 et
1156 2285 1224 2347 veri
1247 2285 1367 2350 Graeci
1379 2246 1450 2297 unes.

209 2388 351 2461 suerunt,
384 2407 525 2468 quorum
563 2385 690 2469 primus
725 2386 788 2449 suit
817 2385 942 2448 Thales
975 2385 1134 2451 Milesius
1187 2387 1368 2470 Quomodo

210 2501 323 2554 autern
346 2490 423 2554 huic
446 2491 566 2553 caeteri
588 2500 825 2565 successerunt,
847 2488 995 2552 ostendit
1018 2489 1230 2572 Augustinus
1250 2503 1370 2556 octavo

211 2595 294 2658 libro
309 2594 352 2657 de
368 2594 512 2659 Civitate
528 2593 601 2656 Dei.
648 2594 736 2656 Nam
760 2602 837 2676 post
859 2593 1001 2655 Thalem
1018 2593 1081 2656 suit
1096 2594 1222 2676 primus
1239 2596 1370 2659 Anaxi-

211 2694 351 2758 mander
365 2694 438 2775 ejus
453 2692 645 2776 discipulus,
659 2693 754 2774 cujus
770 2713 939 2756 successor
955 2692 1016 2755 suit
1032 2693 1273 2770 Anaximenes,
1287 2705 1321 2758 et
1335 2697 1370 2758 hi

212 2798 279 2860 duo
291 2797 424 2860 suerunt
436 2807 586 2879 ternpore
598 2797 758 2879 Judaicae
769 2796 982 2878 captivitatis,
993 2795 1052 2857 ut⁶
1066 2795 1148 2858 dicit
1161 2797 1371 2880 Augustinus

211 2897 343 2960 decimo
358 2906 477 2959 octavo
493 2895 535 2959 de
552 2896 695 2961 Civitate
712 2896 785 2972 Dei,
800 2904 834 2957 et
854 2894 911 2957 alii
932 2894 1103 2957 similiter⁶
1117 2896 1321 2961 concordant
1337 2899 1370 2961 in

212 3001 282 3063 hoc
337 2999 561 3081 Anaxagoras
584 3019 661 3062 vero
683 3007 718 3062 et
742 2999 912 3078 Diogenes
935 2997 1160 3061 Anaximenis
1181 3000 1371 3064 auditores⁷

212 3104 320 3167 eidem
344 3101 573 3166 successerunt
596 3101 659 3164 sub
682 3102 786 3164 Dario
808 3101 974 3183 Hydaspi,
995 3101 1090 3182 cujus
1112 3123 1202 3165 anno
1224 3105 1372 3167 secundo

213 3207 377 3291 templum
400 3206 489 3288 cepit
512 3204 687 3268 aedificari.
733 3205 971 3286 Anaxagorae,
993 3215 1030 3267 ut
1052 3205 1133 3268 dicit
1152 3207 1372 3289 Augustinus,

213 3311 372 3375 successit
405 3308 590 3372 Archelaus
625 3308 697 3390 ejus
732 3307 924 3391 discipuluS,
953 3307 1049 3388 cujus
1084 3309 1216 3373 auditor
1246 3295 1390 3374 Demo?

214 3415 315 3476 critus
338 3411 521 3476 secundum
551 3411 716 3474 Isidorum
740 3421 859 3473 octavo
884 3409 967 3473 libro
976 3411 997 3486 ⁸,
1019 3421 1054 3474 et
1080 3410 1234 3475 Socrates
1257 3434 1372 3478 secun·

214 3515 294 3581 dum
327 3515 557 3598 Augustinum
592 3524 711 3577 octavo
746 3513 838 3591 libr0‚
868 3513 1025 3576 Archelai
1056 3515 1156 3577 fuisse
1190 3516 1372 3599 discipulus

214 3619 414 3704 perhibetur.
463 3618 617 3683 Socrates
636 3627 748 3680 autem
773 3627 871 3680 natus
894 3626 945 3679 est
967 3617 1150 3681 secundum
1168 3620 1294 3683 Bedam
1310 3621 1373 3684 sub

215 3723 390 3786 Artabano
400 3721 420 3800 ⁹,
447 3722 504 3804 qui
532 3721 639 3784 Persis
670 3723 820 3804 regnavit
850 3721 946 3783 annis
975 3730 1114 3804 septem,
1141 3724 1192 3786 cui
1219 3725 1252 3786 in
1283 3725 1372 3788 idem

215 3827 363 3909 regimen
373 3825 399 3863 1⁰
422 3825 580 3887 successit
607 3825 817 3887 Artaxerxes
842 3825 1081 3906 LongimanuS,
1107 3823 1140 3888 in
1167 3827 1261 3908 cujus
1284 3848 1373 3890 anno

193 3957 194 3960 ¹
216 3930 360 4013 septimo
377 3928 502 3992 Esdras
517 3927 693 3991 descendit
706 3927 749 3991 de
766 3927 959 4010 Babylone;
982 3937 1016 3990 et
1036 3929 1113 3991 ideo
1127 3929 1225 3992 simul
1242 3931 1375 3994 fuerunt

217 4033 342 4098 Esdras
358 4043 392 4096 et
409 4032 572 4106 Socrates,
587 4031 646 4094 sed
669 4041 782 4119 tamen
792 4030 817 4068 ¹1
838 4033 927 4116 prior
950 4041 1030 4094 natu
1053 4032 1116 4095 suit
1139 4033 1274 4109 Esdras,
1289 4035 1375 4098 sicut

247 4193 318 4256 10.,
332 4193 513 4258 Longimanus.
580 4205 582 4208 ·
830 4189 901 4252 20,
916 4190 1048 4255 scripturas
1058 4199 1084 4241 et
1094 4191 1231 4244 chronicas.

247 4275 310 4342 ³J.,
329 4276 440 4326 Rubric:
461 4274 606 4340 Capitulum
621 4273 746 4339 quintum,
765 4272 791 4324 in
813 4289 865 4338 quo
881 4274 993 4337 tangitur
1010 4275 1042 4323 de
1059 4275 1279 4340 r[amificati0ne?]
1294 4274 1375 4342 philo·

216 4355 487 4472 sophorumaseptem
498 4356 652 4422 sapientibus
662 4356 763 4424 us[que]
773 4355 805 4404 ad
816 4355 987 4487 ⁴Aurisgotellielrerg.
1189 4437 1230 4504 “J
1263 4438 1284 4490 ,i

238 4522 260 4555 '⁷
276 4442 321 4586 a:
334 4456 613 4573 'thalna
836 4473 908 4580 201:
921 4457 1319 4574 murmurarunt

249 4603 309 4670 ⁹J„
323 4604 370 4656 sub
380 4603 518 4654 Artabano.
555 4601 598 4662 0,,
612 4601 787 4652 Archadabao.
823 4601 866 4670 V,
880 4600 914 4649 ab
924 4601 1057 4652 Archelao.

239 4685 259 4718 ¹⁰
276 4687 308 4738 Ο.
323 4701 434 4752 regnum.
588 4735 590 4740 ,
833 4680 853 4712 ¹²
871 4682 902 4733 Ο.
917 4699 967 4736 om.
982 4693 1074 4734 tamen.
1125 4724 1128 4730 ,
