3559 5442
269 690 620 753 PHILOSOPHIAE
645 691 750 752 CUM
766 691 1033 755 THEOLOGIA
1056 691 1309 754 AFFINITAS.
1332 693 1371 769 69

625 1047 855 1114 crnruruu
879 1048 969 1114 Χν.ι

255 1229 312 1294 Ex
327 1229 379 1294 his
395 1230 544 1314 sequitur
559 1231 744 1296 necessario
759 1231 850 1314 quod
866 1251 928 1296 nos
944 1228 1123 1296 Christiani
1139 1229 1300 1296 debemus
1322 1231 1371 1295 uti

212 1334 423 1418 philosophia
453 1334 487 1398 in
518 1333 648 1412 divinis,
673 1344 706 1400 et
733 1336 767 1400 in
797 1333 1037 1420 philosophicis
1067 1335 1174 1399 multa
1202 1356 1372 1399 assumere

211 1439 407 1522 theologica,
423 1447 461 1502 ut
483 1449 644 1522 appareat
665 1438 757 1522 quod
780 1460 847 1503 una
869 1439 913 1503 sit
935 1439 1100 1523 sapientia
1115 1439 1149 1502 in
1165 1448 1307 1523 utraque
1322 1460 1371 1503 re·

210 1543 333 1606 lucens
361 1541 473 1624 Quam
486 1543 719 1606 necessitatem
731 1544 807 1606 volo
817 1541 829 1580 ²
841 1542 1022 1607 certificare
1038 1564 1104 1607 non
1116 1543 1224 1607 solum
1237 1553 1372 1627 propter

211 1648 375 1710 unitatem
388 1645 581 1729 sapientiae,
591 1643 650 1708 sed
666 1656 802 1730 propter
814 1646 877 1708 hoc
889 1647 981 1728 quod
997 1647 1133 1711 inferius
1142 1646 1155 1686 ³
1165 1656 1299 1731 oportet
1310 1668 1371 1711 nos

204 1752 244 1814 in
272 1753 481 1837 philosophia
504 1754 672 1817 revolvere
693 1753 876 1817 sententias
894 1751 970 1815 fidei
986 1762 1020 1816 et
1038 1751 1228 1835 theologiae
1244 1750 1372 1833 magni-

210 1854 298 1932 ficas,
320 1877 405 1939 quas
428 1857 608 1940 reperimus
635 1857 668 1919 in
698 1855 789 1918 libris
812 1855 1086 1940 philosophorum
1108 1865 1144 1919 et
1166 1857 1200 1918 in
1223 1854 1373 1940 partibus

210 1959 460 2042 philosophiae3
484 1969 521 2022 ut
545 1980 612 2022 non
635 1959 679 2023 sit
702 1960 822 2022 mirum
845 1957 938 2042 quod
953 1959 987 2021 in
1009 1958 1219 2043 philosophia
1234 1968 1372 2040 tangam

210 2064 452 2152 sacratissimas
467 2065 632 2140 veritates,
647 2063 807 2145 quoniam
824 2061 1031 2146 philosophis
1048 2063 1141 2126 Deus
1158 2063 1280 2125 multas
1295 2083 1373 2125 con-

212 2167 312 2230 cessit
338 2167 522 2250 sapientiae
548 2187 628 2230 suae
654 2167 819 2232 veritates,
864 2166 1009 2250 Oportet
1033 2167 1134 2250 igitur
1158 2175 1195 2229 ut
1224 2167 1375 2230 trahatur

214 2269 444 2354 philosophiae
465 2279 613 2354 potestas
636 2269 678 2333 ad
705 2263 857 2333 ¹sacram4
877 2270 1052 2334 veritatem
1083 2270 1270 2352 quantum⁶
1299 2290 1374 2353 pos-

213 2395 338 2450 sumuS,
365 2394 444 2436 nam
466 2373 559 2437 valor
582 2373 812 2458 philosophiae
833 2373 928 2437 aliter
954 2395 1021 2437 non
1044 2374 1188 2451 lucescit,
1214 2374 1374 2456 quoniam

214 2477 426 2561 philosophia
454 2477 640 2540 secundum
671 2498 707 2540 se
736 2476 948 2540 considerata
977 2477 1101 2541 nullius
1132 2477 1286 2540 utilitatis
1314 2486 1375 2540 est

215 2580 408 2663 Philosophi
423 2601 501 2643 vero
512 2579 663 2644 infideles
676 2580 826 2643 damnati
842 2589 931 2655 sunt,
942 2589 976 2644 et
989 2588 997 2612 ‘
1009 2589 1239 2663 cognoverunt
1255 2581 1377 2654 Deum,

215 2685 298 2746 nec⁶
324 2685 410 2747 sicut
437 2685 548 2748 Deum
575 2683 852 2767 glorificaverunt,
866 2693 901 2747 et
923 2683 999 2747 ideo
1022 2684 1115 2748 stulti
1138 2683 1216 2746 sacti
1239 2692 1327 2760 sunt,
1341 2693 1376 2746 et

213 2797 422 2851 evanuerunt
448 2808 469 2850 a
497 2787 758 2869 cogitationibus
787 2787 872 2864 suis‚’
902 2796 937 2850 et
967 2787 1044 2850 ideo
1073 2786 1284 2870 philosophia
1306 2807 1374 2850 non

215 2901 328 2974 potest
343 2891 470 2973 aliquid
487 2891 660 2974 dignitatis
683 2891 805 2954 habere
827 2891 890 2954 nisi
913 2900 1078 2973 quantum
1101 2890 1145 2953 de
1166 2889 1224 2952 ea⁷
1239 2890 1376 2972 requirit

217 2995 283 3058 Dei
299 2995 471 3078 sapientia
516 2995 642 3058 Totum
658 2995 748 3057 enim
764 2993 933 3057 residuum
949 3003 1001 3085 est
1016 3014 1191 3057 erroneum
1205 3002 1241 3056 et
1257 2993 1355 3057 inane
1367 3014 1374 3071 ;
1384 2997 1410 3064 J·
1423 2994 1441 3046 ἱ
1454 3012 1488 3073 92¹
1496 2997 1584 3062 begins

212 3109 248 3162 et
271 3108 407 3181 propter
430 3098 492 3160 hoc
515 3097 595 3161 dicit
619 3097 845 3180 Alpharabius
868 3098 902 3160 in
926 3096 1010 3160 libro
1031 3097 1076 3160 de
1098 3096 1263 3178 Scientiis‚
1282 3096 1375 3179 quod
1387 3064 1590 3178 pffltitthpants

212 3203 299 3265 sicut
314 3223 396 3285 puer
411 3202 565 3265 indoctus
587 3223 623 3264 se
646 3201 747 3265 habet
770 3202 814 3265 ad
838 3202 1010 3265 hominem
1034 3201 1317 3286 sapientissimum
1340 3200 1374 3264 in
1388 3194 1560 3244 wholeorrhe

211 3305 433 3388 philosophia,
455 3305 502 3366 sic
525 3305 628 3368 homo
653 3303 730 3367 talis
755 3305 799 3367 ad
823 3305 1023 3388 sapientiam
1055 3305 1118 3368 Dei
1146 3259 1545 3387 revelandam⁸iiisiwiiii

212 3410 361 3472 noscitur
376 3429 412 3470 se
425 3408 556 3472 habere.
588 3407 803 3492 Quapropter
815 3409 1027 3492 philosophia
1042 3408 1226 3473 secundum
1242 3429 1279 3470 se
1293 3408 1374 3472 nihil
1387 3392 1431 3506 22
1440 3392 1546 3522 &effi

208 3523 273 3589 est,
298 3513 356 3576 sed
380 3523 461 3576 tunc
484 3514 600 3595 recipit
622 3513 771 3595 vigorem
794 3521 829 3575 et
850 3512 1061 3595 dignitatem,
1085 3512 1223 3595 quando
1246 3533 1374 3576 sacram

213 3618 412 3702 sapientiam
437 3619 595 3700 dignatur
617 3637 785 3680 assumere
795 3616 816 3682 ⁸.
862 3617 1059 3680 Praeterea⁹
1080 3637 1211 3701 semper
1229 3637 1375 3679 crescere

211 3732 323 3807 potest
340 3722 374 3784 in
389 3722 451 3784 hac
467 3721 536 3784 vita
550 3720 700 3784 studium
716 3721 910 3805 sapientiae,
926 3722 1004 3804 quia
1020 3720 1101 3783 nihil
1123 3729 1175 3805 est
1190 3722 1374 3804 perfectum

244 3880 254 3912 ¹
268 3881 304 3946 J.,
320 3880 431 3930 Rubrio:
448 3879 534 3930 Tertia
544 3881 674 3931 distinctio
685 3879 712 3929 in
721 3897 773 3946 qua
783 3880 922 3930 ostenditur
936 3879 1070 3930 necessitas
1081 3879 1168 3930 utendi
1178 3879 1338 3946 philosophia
1348 3878 1376 3928 in

210 3963 303 4014 divinis
319 3979 371 4012 non
387 3964 468 4013 solum
485 3970 587 4028 propter
602 3963 725 4013 unitatem
742 3964 880 4028 sapientiae
896 3964 1020 4028 perfectae
1036 3964 1080 4012 sed
1095 3963 1157 4028 quia
1171 3963 1199 4012 in
1214 3962 1375 4028 sequentibus

212 4045 324 4112 partibus
340 4045 414 4110 hujus
431 4045 595 4110 persuasionis
616 4045 774 4094 adducuntur
791 4045 885 4094 multae
897 4045 1014 4095 veritates
1029 4045 1211 4109 divinaequae
1226 4045 1258 4094 de
1275 4044 1302 4093 in
1317 4042 1375 4105 [sic]

211 4127 280 4176 libris
297 4125 504 4190 philosophorum
521 4127 701 4188 extrahuntur3
718 4132 743 4175 et
760 4125 836 4174 habet
851 4125 963 4190 quinque
979 4125 1098 4191 capitula.
1133 4124 1196 4174 This
1206 4125 1309 4190 chapter
1324 4124 1375 4172 and

211 4211 253 4259 the
264 4214 327 4258 next
337 4207 401 4257 form
414 4209 452 4257 Pt.
466 4207 501 4257 iii.
515 4224 571 4273 cap.
586 4225 600 4258 2
613 4207 640 4256 in
652 4209 696 4269 0.,
710 4224 735 4272 p.
750 4224 779 4271 37
792 4206 844 4269 (ed.
861 4209 933 4272 1897,
947 4208 997 4258 vol.
1011 4208 1028 4257 i.
1042 4223 1068 4272 p.
1083 4208 1135 4269 56).

246 4289 257 4321 ²
274 4291 318 4353 0.,
332 4290 444 4339 voluero.
601 4287 603 4290 ’

242 4369 253 4402 ⁸
270 4371 315 4434 0.,
327 4371 396 4436 quod
407 4369 508 4421 inferius
519 4381 627 4435 tangam.
729 4359 730 4364 ¹
924 4367 975 4435 ⁴1.
988 4369 1065 4420 omits
1076 4385 1180 4420 sacram.

243 4451 254 4482 ⁶
268 4453 293 4518 J.
308 4453 351 4514 0.,
366 4459 497 4517 quantum.
532 4453 577 4514 V.,
589 4466 673 4517 quam.
926 4448 1063 4517 θ1.,ιιοιι.

235 4533 255 4568 '⁷
272 4535 316 4594 0.,
329 4533 425 4599 aliquid
439 4533 568 4598 dignitatis
584 4535 677 4584 habere
694 4532 741 4582 nisi
757 4538 879 4598 quantum
898 4532 931 4584 de
949 4549 988 4584 ea.
1023 4534 1055 4585 V.
1075 4547 1125 4584 om.
1138 4532 1240 4593 habere,
1259 4532 1311 4582 aud
1330 4533 1377 4582 has
1420 4571 1422 4573 >

215 4617 264 4666 ‘r‘r’
276 4617 315 4666 sor
326 4615 382 4667 nisi.

246 4696 257 4729 ⁸
274 4699 306 4749 Ο.
322 4715 372 4748 om.
387 4697 698 4763 revelandam-dignatur
708 4713 841 4748 assumere.
922 4696 935 4730 ⁸
951 4696 995 4760 0.,
1006 4704 1143 4765 praeterea.
1178 4697 1222 4759 V.,
1234 4703 1375 4764 propterea.
