3559 5442
381 683 436 741 182
625 684 921 743 ADDJrlom
943 685 1101 756 NOTES,
1126 685 1214 745 VOL.
1237 687 1283 747 II.

376 846 481 897 vitreum
493 849 595 913 plenum
605 865 693 914 aquae,
704 857 733 898 ut
742 850 839 900 urinale
848 851 889 899 vel
901 850 978 914 aliud,
988 851 1014 900 in
1025 851 1095 901 radio
1107 852 1167 900 solis
1177 853 1332 916 apparebunt
1342 853 1436 902 colores
1445 851 1514 900 iridis
1526 870 1535 909 ;

375 937 400 976 et
411 928 433 977 si
442 930 541 978 claudat
552 946 639 979 omnes
650 931 769 980 fenestras
779 933 868 981 (100000
884 938 910 980 et
925 932 989 981 ostia
1006 941 1102 997 praeter
1116 933 1224 998 aliquam
1236 933 1476 997 parvamlenestram
1489 948 1535 996 per

374 1027 450 1074 quam
461 1012 543 1061 radius
553 1012 630 1062 intrat
644 1012 711 1073 solis,
724 1021 751 1062 et
766 1021 895 1062 convertat
906 1015 1007 1064 dorsum
1022 1017 1076 1080 ejus
1090 1016 1123 1064 ad
1140 1016 1218 1064 solem
1234 1017 1324 1065 sedens
1339 1016 1385 1064 sub
1396 1015 1464 1064 radio
1474 1015 1536 1063 solis

374 1092 409 1141 ita
424 1094 492 1157 quod
510 1094 575 1143 linea
589 1093 694 1144 veniens
708 1111 724 1143 a
739 1102 825 1144 centro
840 1095 901 1144 solis
918 1104 1027 1145 transeat
1044 1113 1088 1160 per
1103 1097 1202 1146 oculum
1219 1096 1361 1160 aspicientis
1369 1096 1477 1146 sedentis
1487 1097 1536 1144 sub

374 1173 453 1236 radio,
465 1182 490 1225 et
502 1176 604 1239 recipiat
615 1192 706 1240 aquam
723 1176 749 1224 in
766 1193 809 1226 ore
825 1185 850 1226 et
867 1177 962 1227 sortiter
979 1184 1078 1242 spargat
1093 1177 1128 1227 ita
1144 1179 1212 1243 quod
1228 1180 1339 1242 guttulae
1355 1179 1415 1227 fiant
1431 1177 1535 1226 subtiles

376 1254 486 1305 infmitae
496 1264 521 1306 et
532 1265 628 1316 tenues,
640 1257 736 1306 ridebit
746 1259 842 1307 colores
859 1258 927 1307 iridis
939 1278 947 1318 ;
961 1267 1004 1308 aut
1015 1259 1036 1307 si
1047 1259 1109 1308 alius
1120 1267 1168 1308 stet
1180 1276 1194 1308 a
1206 1260 1282 1309 latere
1292 1268 1317 1309 et
1329 1259 1424 1308 fortiter
1433 1267 1533 1322 spargat

374 1353 464 1402 aquam
475 1347 500 1387 et
509 1339 535 1387 in
545 1339 699 1388 abundantia
708 1339 804 1388 videbit
813 1343 918 1390 colores.
955 1343 988 1390 Et
999 1341 1019 1390 si
1030 1357 1075 1406 per
1085 1342 1226 1406 lampadem
1238 1344 1273 1402 (et
1285 1345 1359 1406 seq).

408 1437 433 1484 p.
451 1437 504 1482 174.
518 1420 581 1487 Cap.
595 1421 629 1471 iii.
644 1423 659 1471 l
674 1441 697 1486 9.
733 1431 758 1472 et
769 1423 921 1486 experimur]
955 1425 988 1474 X.
999 1425 1053 1484 has,
1063 1432 1091 1472 ut
1100 1424 1197 1488 saepius
1209 1424 1348 1487 experimur
1360 1443 1368 1483 ;
1380 1432 1405 1472 et
1415 1425 1532 1488 inasper-

375 1501 486 1550 sionibus
505 1503 664 1552 inveniuntur
683 1503 752 1553 fracti
778 1505 863 1553 circuli
884 1514 910 1554 et
933 1505 1059 1569 portiones
1081 1505 1236 1564 circulonun,
1254 1507 1297 1554 sed
1313 1507 1381 1570 quod
1405 1505 1490 1553 lortius
1510 1513 1534 1554 et

375 1583 473 1646 plenius
485 1593 510 1633 et
520 1585 702 1650 aliquantulum
713 1586 832 1635 remotius
842 1587 885 1635 liat
896 1587 1027 1650 apparitio.

409 1683 434 1730 p.
451 1683 504 1731 175·
518 1669 534 1716 1.
548 1682 571 1730 9.
608 1668 748 1731 horizonta]
781 1670 812 1719 O.
826 1670 872 1717 has
882 1669 1043 1719 horizontem.

409 1766 434 1812 p.
451 1765 504 1813 175·
519 1751 535 1799 l.
556 1767 594 1814 32.
629 1751 656 1800 in
667 1751 775 1800 maxima
785 1751 929 1814 altitudine]
961 1753 994 1802 X.
1007 1752 1078 1812 adds,
1092 1767 1166 1815 super
1182 1751 1300 1812 orironta,
1314 1758 1339 1800 et
1351 1751 1437 1815 incipit
1448 1760 1536 1814 postea

375 1831 500 1881 declinare
511 1839 537 1881 et
547 1834 698 1883 descendere
708 1834 740 1882 ad
752 1850 866 1883 occasum
882 1835 964 1883 donec
980 1835 1052 1883 cadat
1069 1835 1117 1882 sub
1131 1834 1249 1883 orizonte.
1287 1835 1319 1883 Et
1331 1834 1371 1883 hic
1382 1834 1487 1882 circulus
1498 1837 1535 1894 (et

374 1916 449 1979 seq).

409 2013 434 2060 p.
451 1999 503 2059 176.
518 1999 535 2047 l.
549 2014 572 2049 2.
607 1999 633 2047 in
648 1998 765 2062 sphaera]
796 2001 830 2048 X.
849 2001 903 2058 has,
923 2000 949 2047 in
965 1999 1071 2063 sphaera
1084 1999 1178 2049 mundi.
1215 1999 1247 2048 Et
1259 2007 1348 2063 quarta
1364 1999 1434 2048 istius
1449 1999 1536 2048 circuli

376 2080 514 2128 altitudinis
523 2081 665 2130 continetur
680 2083 714 2130 ab
730 2082 905 2131 intersectione
921 2083 974 2147 ejus
990 2097 1046 2130 cum
1059 2082 1185 2131 horizonte
1201 2097 1281 2146 usque
1296 2083 1329 2130 ad
1341 2082 1423 2130 zenith
1434 2081 1533 2146 capitis,

376 2170 400 2210 et
411 2162 460 2210 alia
470 2171 558 2227 quarta
568 2179 584 2211 a
594 2164 676 2212 zenith
694 2180 772 2228 usque
788 2165 820 2212 ad
832 2164 1032 2213 intersectionem
1049 2165 1103 2229 ejus
1116 2163 1251 2213 secundam
1261 2179 1317 2212 cum
1330 2163 1464 2213 horizonte.
1501 2166 1534 2213 Et

375 2244 419 2305 [si]
434 2261 521 2293 omnes
533 2245 668 2309 triangulos
678 2245 732 2308 [ηἰ,
744 2246 783 2295 ior
792 2247 910 2308 circulos]
927 2245 1067 2295 dividamus
1084 2246 1109 2294 in
1126 2252 1237 2296 trecenta
1247 2246 1378 2310 sexaginta
1389 2253 1472 2310 partes
1482 2247 1535 2296 sive

374 2327 474 2388 gradus,
487 2335 576 2391 quarta
587 2327 725 2377 continebit
742 2345 773 2377 xc
788 2329 887 2392 gradus
924 2329 1040 2377 Altitudo
1051 2327 1125 2392 igitur
1135 2327 1172 2389 (et
1182 2343 1234 2392 seq.
1240 2329 1256 2388 ).

409 2425 434 2472 p.
451 2411 504 2471 176.
517 2410 533 2460 l.
548 2427 588 2472 27.
623 2409 672 2459 sint
684 2411 840 2475 inaequales]
871 2412 905 2459 X.
924 2410 1022 2471 inserts,
1035 2419 1060 2460 et
1077 2409 1203 2475 quaelibet
1215 2409 1315 2459 inferior
1325 2411 1401 2460 habet
1412 2411 1534 2460 minorem

375 2490 516 2551 circulum
532 2508 619 2542 omnes
635 2499 721 2542 tamen
737 2501 841 2556 possunt
856 2492 963 2556 intelligi
980 2493 1006 2541 in
1022 2493 1110 2542 eadem
1132 2491 1270 2556 superficie,
1284 2499 1310 2541 et
1327 2491 1450 2542 contineri
1471 2492 1536 2543 infru

374 2573 492 2623 circulum
510 2575 647 2624 altitudinis
664 2576 750 2624 stellae
761 2574 834 2636 fixae,
852 2582 878 2625 et
894 2582 921 2625 ut
936 2574 1063 2641 quaelibet
1080 2575 1159 2640 major
1175 2574 1301 2624 contineat
1318 2575 1448 2636 minorem,
1466 2584 1491 2624 et
1509 2585 1536 2625 ut

373 2655 423 2703 sint
435 2656 584 2705 concentrici
597 2673 640 2720 per
650 2673 756 2721 quorum
767 2657 902 2706 diametros
913 2656 1000 2706 transit
1011 2655 1064 2704 axis
1075 2655 1209 2705 horizontis
1220 2674 1228 2716 3
1243 2663 1269 2706 et
1281 2656 1338 2705 licet
1350 2660 1386 2717 (et
1397 2657 1471 2720 seq).

408 2754 433 2802 p.
450 2753 502 2800 177.
516 2739 533 2790 l.
550 2756 587 2788 10.
624 2755 755 2804 corporum
767 2739 877 2800 illonrm]
910 2741 942 2789 X.
962 2739 1033 2798 adds,
1051 2738 1095 2787 sed
1107 2739 1172 2788 bene
1188 2738 1263 2789 habet
1280 2739 1490 2804 comparationem
1503 2740 1536 2788 ad

375 2819 518 2869 distantiam
530 2820 613 2883 lunae,
625 2831 650 2871 et
662 2820 770 2871 maxime
781 2822 879 2871 illorum
890 2838 955 2886 quae
966 2821 991 2869 in
1003 2837 1061 2870 aere
1071 2821 1107 2880 (et
1117 2836 1170 2885 seq.
1175 2822 1191 2880 ).

408 2919 433 2967 p.
450 2919 501 2964 177.
517 2904 533 2954 1.
548 2920 587 2967 29.
622 2913 650 2952 ut
666 2904 761 2953 dictum
777 2904 826 2964 est]
858 2905 889 2953 X.
905 2903 976 2962 adds,
989 2919 1047 2951 nam
1058 2903 1160 2967 quando
1176 2904 1211 2952 sic
1222 2910 1268 2962 est,
1282 2904 1319 2952 sol
1335 2910 1372 2952 est
1389 2903 1414 2952 in
1426 2903 1537 2952 maxima

375 2985 543 3050 depressione,
562 2994 586 3035 et
602 2994 697 3050 quanto
714 2988 751 3034 sol
767 2986 915 3051 deprimitur
931 2994 1002 3034 tanto
1018 2985 1060 3034 iris
1077 2985 1203 3042 elevatum
1227 2994 1252 3034 et
1268 2985 1325 3034 ideo
1342 2985 1363 3034 si
1379 2985 1482 3034 materia
1499 2988 1537 3045 (et

376 3069 450 3131 seq),

409 3162 434 3209 p.
451 3147 503 3205 178.
519 3147 536 3197 1.
553 3162 590 3196 ro.
626 3155 651 3196 et
659 3147 716 3195 ideo
727 3147 753 3194 in
764 3146 871 3206 fervore]
904 3147 936 3196 X.
948 3146 1001 3205 has,
1013 3153 1037 3194 et
1049 3145 1106 3194 ideo
1117 3154 1176 3194 tunc
1187 3144 1213 3194 in
1225 3144 1337 3208 meridie,
1349 3153 1373 3194 et
1385 3162 1471 3210 prope,
1484 3162 1537 3195 non

376 3235 458 3292 potest
474 3227 516 3277 iris
531 3243 650 3292 apparere
667 3228 693 3277 in
710 3229 780 3277 caelo
795 3229 911 3293 quamvis
927 3228 1007 3276 nubes
1023 3228 1054 3276 sit
1071 3235 1232 3292 praeparat23
1250 3238 1275 3277 et
1291 3228 1326 3276 sic
1338 3235 1374 3276 est
1391 3228 1416 3275 in
1428 3228 1537 3293 septimo

375 3310 475 3359 climate
495 3311 520 3359 in
539 3326 591 3375 quo
610 3311 671 3360 vixit
690 3311 845 3373 Aristoteles,
859 3319 884 3360 et
902 3311 928 3359 in
944 3310 1033 3374 quinto
1049 3309 1075 3358 in
1091 3325 1142 3374 quo
1158 3309 1203 3358 luit
1221 3311 1316 3360 Seneca
1332 3319 1420 3359 natura
1435 3325 1486 3359 non
1498 3321 1536 3359 est

376 3407 467 3455 magna
483 3392 621 3453 diversitas,
639 3401 663 3442 et
680 3393 737 3443 ideo
753 3393 779 3441 in
795 3393 844 3441 hoc
860 3392 1012 3442 conveniunt
1033 3393 1101 3457 quod
1124 3399 1180 3456 post
1202 3392 1370 3456 equinoetium
1393 3392 1418 3440 in
1440 3392 1538 3442 fervore

376 3475 476 3523 aestatis
487 3490 537 3523 000
553 3475 643 3524 accidit
660 3474 701 3523 iris
717 3476 744 3524 in
754 3475 858 3524 meridie
869 3482 894 3523 et
911 3490 989 3539 prope
1007 3473 1144 3535 meridiem,
1158 3481 1185 3522 ut
1202 3473 1227 3522 in
1245 3474 1376 3539 septimam
1392 3475 1479 3522 horam
1496 3474 1539 3524 vel

376 3566 499 3619 octavam,
512 3573 642 3622 quousque
653 3559 690 3605 sol
702 3557 836 3606 descendat
852 3557 886 3605 ad
903 3556 1024 3605 minorem
1035 3555 1192 3606 altitudinem
1203 3571 1278 3620 quam
1296 3555 1327 3605 sit
1344 3556 1387 3604 xlii
1397 3557 1497 3620 gradus,
1511 3567 1537 3605 et

375 3645 436 3688 tunc
447 3647 529 3703 potest
539 3655 667 3704 apparere,
681 3648 706 3688 et
716 3639 830 3688 similiter
841 3638 867 3687 in
875 3654 949 3688 mane
958 3647 1091 3703 antequam
1103 3637 1141 3686 sol
1151 3638 1234 3686 veniat
1246 3637 1278 3686 ad
1289 3637 1358 3686 illam
1366 3637 1534 3688 altitudinem.

409 3738 434 3786 p.
451 3724 504 3784 178.
518 3721 580 3786 Cap.
594 3721 625 3771 iv.
641 3722 656 3770 l.
673 3737 709 3772 12.
745 3721 912 3781 horirontem]
945 3721 977 3771 Ο.
991 3720 1036 3769 has
1047 3719 1184 3770 horizonta.

410 3822 434 3869 p.
452 3805 505 3855 180.
519 3805 535 3854 l.
550 3820 590 3866 27.
625 3803 749 3868 superius]
781 3805 813 3852 X.
829 3803 935 3867 saepius,

410 3902 434 3950 p.
452 3890 505 3935 182.
519 3887 535 3938 l.
552 3902 589 3936 12.
625 3903 698 3950 super
720 3886 886 3948 horirontem]
919 3887 943 3933 A
965 3900 1069 3950 passage
1092 3884 1113 3933 is
1135 3885 1193 3934 here
1215 3883 1320 3933 omitted
1344 3885 1406 3934 from
1430 3886 1482 3935 0.:
1511 3895 1539 3934 et

376 3968 471 4017 dictum
496 3976 534 4018 est
552 3968 621 4034 quod
640 3968 682 4017 iris
702 3984 821 4032 apparere
832 3983 883 4016 non
906 3975 989 4031 potest
1009 3967 1110 4031 quando
1133 3966 1176 4015 Sol
1199 3972 1237 4015 est
1259 3980 1290 4027 42
1312 3967 1434 4029 graduum
1462 3983 1539 4032 super

377 4050 538 4102 horirontem.

409 4145 433 4192 p.
451 4132 503 4191 183.
520 4131 535 4178 1.
554 4145 590 4179 ro.
626 4128 743 4188 exeunte]
774 4127 903 4187 existente,
918 4128 950 4175 X.

410 4227 435 4275 p.
451 4214 504 4271 184.
518 4212 533 4259 l.
549 4227 587 4259 20.
623 4211 741 4271 exeunte]
773 4210 903 4267 existente,
916 4211 949 4258 X.

411 4309 435 4357 p.
452 4295 505 4356 185.
519 4295 534 4342 l.
568 4295 589 4343 8.
626 4300 708 4357 potest
718 4291 771 4340 fieri
782 4292 835 4352 iris]
867 4293 900 4340 X.
914 4291 985 4350 adds,
999 4289 1169 4339 habitantibus
1180 4290 1227 4338 sub
1239 4292 1303 4354 polo.

412 4390 435 4439 p.
453 4376 589 4438 185.l.18.
625 4374 768 4440 oppositum
777 4373 846 4434 solis]
880 4374 949 4422 Here
959 4373 1001 4422 the
1012 4373 1227 4438 correspondence
1238 4373 1267 4423 of
1276 4373 1308 4423 X.
1321 4372 1381 4421 with
1393 4374 1425 4422 Ο.
1437 4390 1542 4436 ceases;

378 4457 439 4506 with
447 4456 463 4506 s.
479 4459 507 4521 58
521 4460 556 4518 h,
571 4460 602 4506 X.
616 4472 701 4521 passes
713 4464 739 4505 to
750 4457 793 4504 the
809 4457 906 4520 subject
922 4457 951 4505 of
963 4457 1066 4514 haloes;
1087 4455 1137 4503 and
1154 4471 1187 4503 00
1207 4457 1237 4503 62
1256 4455 1280 4504 b.
1302 4462 1328 4504 to
1346 4463 1454 4504 extracts
1473 4457 1538 4507 from

378 4539 483 4588 Bacon’s
494 4536 612 4589 tractatus
622 4540 654 4588 de
663 4546 786 4603 potestate
797 4538 856 4589 artis
867 4548 893 4587 et
904 4546 1006 4588 naturae
1016 4538 1136 4598 (Brewer,
1149 4553 1172 4601 p.
1189 4537 1253 4600 323).

412 4639 437 4687 p.
453 4637 508 4686 253.
524 4623 540 4671 l.
574 4637 595 4688 ς.
633 4624 682 4673 For
699 4637 765 4670 nunc
782 4631 828 4671 est.
842 4621 884 4670 the
902 4621 1006 4684 reading
1023 4619 1051 4668 of
1065 4619 1159 4676 0.,Μ.
1174 4620 1226 4676 has,
1242 4627 1348 4669 nonest.
1386 4621 1434 4670 But
1452 4623 1540 4675 Bacon
