3559 5442
284 687 632 748 PHILOSOPHIAE
642 733 643 738 η
657 687 762 749 CUM
779 689 1048 750 THEOLOGJA
1071 689 1324 753 AFFINITAS.
1348 711 1386 769 47

228 858 260 910 et
277 848 466 930 conjuncta,
480 851 538 912 sed
554 850 617 914 hoc
641 859 692 914 est
714 850 927 933 impossibile.
973 852 1061 914 Nam
1077 852 1306 937 intelligentia,
1320 857 1389 920 sive

230 953 377 1035 angelus,
392 963 425 1017 et
441 955 552 1016 anima
567 953 724 1018 differunt
747 954 931 1018 secundum
954 957 1098 1038 speciem
1122 979 1225 1040 penes
1243 960 1389 1024 unibilel

229 1065 262 1118 et
279 1077 346 1118 non
363 1057 496 1132 unibile‚
511 1066 544 1120 et
560 1058 636 1122 ideo
652 1057 765 1120 anima
785 1078 851 1120 non
875 1069 1095 1141 componetur
1110 1081 1153 1123 ex
1170 1062 1282 1144 aliquo
1296 1063 1389 1145 quod

229 1168 279 1222 est
295 1171 390 1235 actus
404 1162 559 1243 corporis,
571 1171 604 1224 et
617 1182 661 1224 ex
674 1161 785 1242 aliquo
797 1161 888 1242 quod
901 1182 968 1224 non
984 1172 1034 1225 est
1047 1164 1121 1228 tale.
1161 1164 1249 1228 Nam
1261 1169 1389 1250 species

230 1283 296 1326 una
328 1285 395 1327 non
426 1265 640 1348 componitur
669 1285 713 1327 ex
744 1265 857 1346 aliquo
887 1265 1022 1329 alterius
1052 1268 1174 1350 speciei
1204 1271 1388 1352 oppositae.

231 1367 316 1431 Cum
347 1389 426 1450 ergo
456 1370 538 1432 haec
568 1367 758 1432 sententia²
788 1370 830 1431 sit
864 1391 1011 1432 consona
1040 1372 1179 1447 veritati,
1209 1382 1243 1435 et
1274 1382 1390 1437 textus

231 1472 424 1555 Philosophi
447 1473 510 1538 hoc
532 1473 704 1536 evidenter
727 1473 925 1556 praetendat
940 1483 1042 1555 atque
1064 1474 1389 1560 ejustexpositores

232 1577 394 1639 maximi4
409 1579 519 1660 ipsum
529 1577 664 1640 subhac
677 1577 805 1640 forma⁴
821 1577 1001 1656 declarant,
1012 1580 1067 1642 et⁵
1082 1580 1163 1643 haec
1174 1580 1274 1644 verba
1286 1603 1390 1665 agens

231 1690 263 1743 et
286 1681 452 1762 possibilis
475 1690 553 1744 sunt
579 1702 599 1744 a
621 1681 824 1765 Philosopho
851 1702 919 1745 non
942 1703 962 1744 a
985 1684 1109 1746 sanctis
1128 1695 1276 1768 accepta,
1291 1685 1390 1768 longe

232 1785 349 1848 melius
377 1794 427 1848 est
457 1785 641 1849 secundum
667 1785 857 1868 Philosophi
884 1788 1085 1869 sententiam
1112 1801 1269 1872 agentem
1295 1790 1390 1852 intel-

230 1889 352 1951 lectum
376 1890 509 1970 penitus
532 1889 641 1954 dicere
663 1889 885 1952 substantiam
910 1899 1098 1972 separatam
1126 1892 1170 1954 ab
1196 1893 1309 1956 anima
1331 1914 1391 1976 per

230 1993 417 2055 essentiam.
464 1992 542 2056 Non
572 1993 661 2055 enim
692 2002 742 2055 est
773 1993 913 2056 dubium
944 2003 1086 2076 experto
1116 1995 1148 2057 in
1180 1995 1391 2079 philosophia

232 2096 312 2177 quin
328 2097 411 2158 haec
426 2097 468 2159 sit
484 2116 545 2158 sua
560 2097 735 2170 sententia,
751 2105 785 2159 et
806 2097 839 2158 in
861 2097 925 2160 hoc
945 2119 1063 2160 omnes
1079 2099 1248 2180 sapientes
1263 2101 1391 2183 antiqui

232 2200 363 2282 experti
386 2200 599 2264 concordant.
646 2200 735 2263 Nam
759 2201 976 2264 universitate
1001 2203 1175 2266 Parisiensi
1198 2215 1393 2280 convocata,

232 2303 283 2366 bis
299 2304 368 2366 vidi
384 2313 417 2367 et
433 2303 543 2367 audivi
560 2304 784 2366 venerabilem
798 2305 980 2369 antistitem
994 2306 1168 2370 dominum
1186 2307 1391 2372 Gulielmum

234 2404 450 2466 Parisiensem
468 2403 674 2486 Episcopum
692 2403 794 2466 felicis
817 2405 997 2467 memoriae
1018 2427 1130 2468 coram
1146 2408 1302 2470 omnibus
1318 2429 1392 2472 sen-

230 2509 372 2576 tentiare
387 2508 477 2590 quod
495 2507 681 2580 intellectus
703 2528 805 2590 agens
827 2529 894 2570 non
918 2518 1029 2591 potest
1050 2531 1124 2572 esse
1146 2532 1223 2593 pars
1240 2513 1392 2590 animae;

233 2620 266 2674 et
282 2613 439 2678 dominus
457 2612 624 2674 Robertus
641 2611 829 2694 Episcopus
846 2612 1089 2675 Lincolniensis
1112 2626 1146 2677 et
1162 2615 1262 2678 irater
1277 2615 1391 2678 Adam

233 2717 276 2778 de
307 2716 452 2778 Marisco
482 2725 515 2779 et
545 2714 738 2795 hujusmodi
771 2715 914 2796 majores
943 2717 1006 2779 hoc
1042 2716 1131 2780 idem
1168 2718 1390 2783 firmaverunt.

235 2819 386 2902 Qualiter
408 2841 486 2882 vero
509 2819 700 2882 refellantur
721 2820 884 2901 quae'hic
907 2820 1006 2902 objici
1029 2832 1178 2903 possunt,
1202 2823 1393 2888 manifesta-

235 2925 323 2987 bitur
352 2925 385 2986 in
422 2945 521 3006 opere
560 2922 742 3006 principali,
772 2944 848 2986 cum
880 2923 923 2986 de
953 2925 1160 2988 naturalibus
1191 2925 1247 2988 fiet
1277 2948 1393 2990 sermo.

235 3029 477 3092 Verumtamen
495 3028 558 3090 ne⁵
573 3027 744 3090 cavillator
760 3027 878 3109 aliquis
902 3049 923 3091 a
946 3028 1048 3090 latere
1071 3028 1229 3112 insurgat,
1245 3029 1393 3113 allegans
1406 3048 1424 3098 f.
1438 3048 1470 3097 86
1482 3049 1510 3097 of
1517 3050 1541 3114 J.

235 3132 316 3195 illud
333 3153 400 3213 quo
415 3131 535 3213 vulgus
551 3130 723 3214 decipitur,
739 3131 815 3194 dico
831 3133 922 3213 quod
945 3132 1046 3194 cum⁰
1068 3133 1242 3196 Aristoteli
1266 3135 1393 3217 impon·
1406 3115 1590 3245 ffinsshlffig,

236 3245 333 3299 antur
343 3235 355 3275 ⁷
367 3238 448 3299 haec
460 3235 571 3310 verba,
585 3235 773 3318 ‘Quoniam
790 3244 902 3298 autem
919 3236 951 3298 in
969 3237 1060 3298 omni
1073 3247 1192 3300 natura
1203 3249 1254 3301 est
1266 3239 1391 3322 aliquid
1406 3247 1496 3307 ceding
1507 3247 1598 3307 leaves,

235 3341 325 3423 quod
350 3350 429 3422 agat
452 3349 485 3403 et
508 3338 632 3422 aliquid
657 3341 748 3421 quod
774 3339 920 3422 patiatur
935 3340 982 3402 ita
1004 3349 1038 3402 et
1060 3341 1093 3403 in
1118 3342 1248 3420 anima,'
1263 3344 1393 3426 primo8
1407 3312 1449 3361 the
1461 3311 1542 3360 whole
1554 3311 1583 3359 οἱ

1406 3375 1459 3426 first
1471 3378 1518 3425 few
1530 3377 1592 3424 lines

235 3445 422 3528 respondeo
451 3443 542 3525 quod
574 3444 743 3506 multoties
775 3442 858 3506 salso
888 3444 1089 3507 translatum
1120 3455 1180 3522 est,
1205 3458 1239 3510 et
1269 3448 1392 3531 pluries
1405 3441 1528 3556 ζξῐῑεθξὲιᾶ
1528 3443 1612 3554 {uffan

235 3549 383 3614 obscure.
444 3548 531 3610 Nam
563 3568 639 3610 cum
670 3548 768 3610 tertio
799 3546 890 3612 Coeli
925 3558 959 3610 et
990 3548 1112 3616 Mundi
1141 3549 1272 3614 dicatur
1300 3553 1391 3634 quod
1405 3573 1474 3622 oran
1485 3573 1528 3620 the
1541 3588 1577 3620 re.

235 3653 376 3715 circulus
397 3660 430 3714 et
447 3650 552 3733 figura
575 3650 767 3713 orbicularis
790 3650 920 3733 replent
943 3650 1063 3727 locum,
1079 3653 1169 3719 istud
1191 3664 1242 3717 est
1263 3655 1392 3729 salsum,
1404 3637 1590 3763 pppqulqnes

236 3766 272 3819 ut
287 3757 397 3819 sciunt
413 3756 543 3838 experti
561 3755 594 3817 in
613 3753 869 3818 naturalibuset
892 3756 1111 3837 geometricis
1125 3758 1211 3820 sicut
1227 3758 1392 3826 Averroes
1405 3769 1452 3816 last
1463 3767 1478 3816 8
1490 3783 1519 3815 or
1533 3781 1579 3825 103

236 3861 443 3924 demonstrat
456 3859 588 3923 ibidem.
629 3859 674 3921 Et
687 3857 776 3941 quod
793 3859 893 3921 tertio
907 3859 1133 3923 Meteororum
1149 3861 1289 3925 dicitur⁹
1301 3863 1391 3945 quod
1406 3833 1579 3960 fflefflast

235 3965 289 4028 iris
316 3985 384 4028 non
412 3974 455 4026 ex
486 3963 566 4026 luna
595 3963 658 4026 nisi
688 3963 721 4025 in
752 3977 792 4043 50
814 3963 874 4039 bis,
898 3974 932 4025 et
954 3964 1018 4027 hoc
1040 3973 1091 4026 est
1117 3965 1237 4027 iterum
1263 3965 1481 4031 salsumvlete·

228 4069 325 4131 vNam
349 4067 556 4148 experientia
572 4065 670 4128 docet
686 4067 777 4147 quod
793 4065 1062 4148 quandocunque
1077 4066 1156 4130 luna
1178 4069 1222 4130 sit
1244 4069 1344 4151 plena
1360 4079 1393 4132 et

231 4172 338 4255 pluat,
354 4191 414 4233 nec
430 4171 502 4252 ipsa
521 4171 562 4232 sit
579 4169 723 4232 nubibus
739 4179 922 4252 co-operta,
937 4171 1059 4235 accidit
1082 4171 1145 4233 iris
1192 4171 1237 4234 Et
1253 4173 1299 4234 sic
1314 4183 1392 4243 sunt

226 4275 343 4346 -multa
358 4273 423 4345 alia
438 4273 522 4336 salso
537 4273 707 4351 translata,
722 4272 818 4353 cujus
840 4293 942 4336 causa
965 4274 1093 4356 patebit
1113 4295 1158 4336 ex
1180 4275 1276 4338 tertia
1299 4287 1393 4357 parte

267 4455 278 4487 1
292 4456 328 4520 J.,
346 4455 453 4505 ‘unibile
464 4455 568 4518 [altered
580 4453 765 4515 from‘unile']
777 4460 802 4503 et
813 4469 864 4503 non
881 4489 888 4506 .
908 4488 916 4506 .
936 4454 955 4504 ,²
986 4455 1030 4514 V.,
1042 4454 1137 4505 inibile.

267 4537 327 4602 ²J,
341 4538 491 4588 sententiam
502 4538 576 4600 [sic].'
640 4595 648 4600 ..
692 4535 751 4586 ⁸0.
766 4537 892 4605 om.,ejus.
1028 4534 1039 4566 ⁴
1055 4536 1087 4586 Ο.
1102 4553 1151 4585 om.
1165 4536 1390 4591 maximi-forma.

266 4619 277 4650 ⁶
294 4621 325 4671 O.
340 4637 391 4672 om.
405 4620 513 4670 thirteen
523 4618 573 4669 and
585 4634 600 4666 a
610 4618 667 4668 half
679 4618 742 4668 lines
752 4619 880 4682 resuming
892 4618 952 4667 with
964 4619 1005 4668 Ne
1016 4618 1152 4669 cavillator.

231 4738 244 4750 .,
267 4701 392 4766 tosom:
405 4718 470 4753 cum.
538 4700 609 4762 ⁷0,
622 4701 793 4765 imponuntur.
861 4698 932 4763 ⁸0,
946 4700 1032 4754 immo.
1090 4697 1161 4763 ⁰0,
1175 4701 1266 4752 dicitur
1277 4703 1309 4754 de
1320 4703 1391 4758 iride.
