3559 5442
395 658 411 698 2
619 639 785 698 OPERIS
803 638 1005 718 MAJORJS
1022 638 1142 699 PARS
1158 637 1317 699 PRIMA.

394 799 563 864 maximae
586 800 786 883 cognitionis
809 800 992 864 secundum
1015 823 1060 878 se,
1083 809 1160 864 sunt
1183 799 1340 865 minimae
1363 799 1548 884 apprehen-

394 905 495 968 sionis
511 904 645 986 quoad1
661 926 730 970 nos,
777 905 931 969 Involuta
954 906 1042 970 enim
1066 906 1187 968 veritas
1210 906 1243 969 in
1268 905 1336 968 alto
1358 905 1448 981 latet,
1463 913 1497 966 et
1513 904 1547 965 in

394 1009 559 1091 profundo
575 1009 684 1092 posita
700 1020 758 1085 est,
774 1020 812 1073 ut
834 1008 939 1072 dicit²
962 1010 1090 1074 Seneca
1105 1011 1248 1091 septimo
1264 1010 1306 1072 de
1321 1008 1497 1082 beneficiis,
1513 1017 1548 1069 et

393 1122 512 1194 quarto
537 1112 746 1175 Naturalium
757 1136 766 1189 3
789 1122 822 1174 et
847 1112 981 1174 Marcus
1002 1111 1132 1174 Tullius
1158 1113 1191 1176 in
1218 1111 1422 1175 Hortensi0³
1445 1111 1549 1174 dicit4

393 1215 483 1297 quod
500 1216 608 1278 omnis
632 1215 818 1278 intellectus
837 1224 950 1277 noster
966 1214 1078 1277 multis
1094 1214 1275 1279 obstruitur
1290 1215 1550 1289 difficultatibus

393 1320 551 1401 quoniam
569 1321 639 1402 ipse
654 1340 690 1382 se
705 1319 806 1383 habet
822 1317 864 1381 ad
883 1318 1153 1381 manifestissima
1168 1319 1202 1381 in
1218 1321 1300 1383 sua⁶
1320 1330 1447 1396 natura,
1462 1320 1548 1382 sicut

391 1421 507 1486 oculus
525 1431 665 1485 noctuae
681 1432 715 1485 et
730 1421 972 1504 vespertilionis
988 1421 1030 1483 ad
1046 1420 1154 1485 lucem
1170 1422 1257 1501 solis,
1273 1431 1310 1486 ut
1327 1421 1548 1505 Philosophus

392 1525 474 1588 dicit
497 1527 643 1590 secundo
667 1525 929 1608 Metaphysicae,
949 1534 983 1588 et
1005 1524 1096 1588 velut
1122 1525 1240 1596 surdus
1263 1548 1284 1589 a
1307 1527 1481 1589 nativitate
1504 1524 1547 1587 ad

392 1629 648 1694 delectationem
675 1628 911 1706 harmonicam,
938 1628 1024 1693 sicut
1050 1629 1164 1691 nono⁶
1188 1630 1440 1713 Metaphysicae
1466 1628 1548 1691 dicit

392 1733 575 1796 Avicenna.
636 1733 849 1815 Quapropter
871 1733 993 1795 sufficit
1020 1732 1138 1796 nobis⁷
1161 1734 1193 1795 in
1226 1733 1440 1816 inquisitione
1465 1733 1548 1795 veri-

393 1837 471 1898 tatis
501 1835 622 1919 proprii
654 1835 841 1899 intellectus
868 1835 1087 1911 imbecillitas,
1116 1846 1153 1900 ut
1184 1848 1345 1918 quantum
1370 1856 1548 1920 possumus

393 1960 511 2002 causas
540 1950 575 2003 et
596 1940 787 2004 occasiones
818 1941 934 2002 erroris
964 1949 1142 2003 extraneas
1172 1940 1304 2023 longius
1334 1961 1354 2002 a
1376 1940 1548 2003 debilitate

393 2060 510 2102 sensus
533 2039 636 2103 nostri
660 2039 852 2123 relegemus

439 2143 592 2224 Quatuor
627 2164 706 2206 vero
743 2152 820 2206 sunt
858 2143 1009 2207 maxima
1038 2142 1372 2227 comprehendendae
1400 2142 1550 2206 veritatis

393 2245 602 2322 offendicula,
626 2267 711 2328 quae
740 2268 874 2309 omnem
907 2256 1203 2331 quantumcunque
1229 2248 1414 2330 sapientem
1445 2247 1548 2328 impe-

393 2350 500 2427 diunt,
515 2359 548 2413 et
563 2351 621 2412 vix
638 2350 780 2432 aliquem
805 2351 1003 2433 permittunt
1025 2350 1069 2413 ad
1085 2372 1198 2414 verum
1215 2350 1348 2414 titulum
1365 2350 1548 2432 sapientiae

394 2454 571 2535 pervenire,
587 2454 740 2517 videlicet
756 2454 885 2536 fragilis
895 2464 929 2518 et
952 2455 1109 2536 indignae
1124 2455 1330 2517 auctoritatis
1345 2454 1550 2537 exemplum,

393 2557 641 2632 consuetudinis
669 2558 877 2636 diuturnitas,
900 2558 992 2640 vulgi
1015 2579 1131 2621 sensus
1159 2559 1310 2642 imperiti,
1334 2567 1367 2621 et
1397 2558 1550 2641 propriae

393 2661 600 2742 ignorantiae
615 2661 792 2724 occultatio
816 2683 891 2724 cum
913 2661 1136 2725 ostentatione
1152 2663 1334 2745 sapientiae
1350 2662 1550 2744 apparentis.

396 2766 459 2827 His
486 2765 594 2828 omnis
620 2765 722 2828 homo
745 2766 930 2841 involvitur,
953 2767 1062 2829 omnis
1084 2775 1192 2829 status
1217 2774 1405 2848 occupatur.
1459 2766 1548 2829 Nam

393 2869 533 2952 quilibet
560 2870 593 2931 in
621 2870 758 2952 singulis
783 2870 913 2932 actibus
938 2870 1026 2933 vitae
1052 2880 1086 2933 et
1112 2870 1213 2934 studii
1236 2878 1270 2932 et
1292 2869 1401 2932 omnis
1424 2870 1549 2952 negotii

393 2973 497 3036 tribus
522 2974 674 3056 pessimis
697 2974 739 3036 ad
770 2972 913 3036 eandem
937 2967 1185 3036 conclusionem
1208 2973 1312 3036 utitur
1333 2973 1550 3055 argumentis,

394 3077 527 3155 scilicet,
553 3078 615 3140 hoc
644 3077 929 3160 exemplificatum
960 3086 1011 3140 est
1043 3098 1100 3160 per
1131 3075 1281 3158 majores,
1304 3077 1366 3139 hoc
1393 3087 1444 3140 est
1471 3098 1549 3140 con-

395 3190 536 3257 suetum,
554 3180 617 3244 hoc
639 3180 812 3263 vulgatum
837 3191 904 3260 est;
927 3201 1007 3264 ergo
1030 3179 1221 3243 tenendum.
1267 3178 1334 3245 Sed
1358 3181 1548 3263 oppositum

395 3284 614 3347 conclusionis
644 3283 743 3367 longe
774 3285 892 3347 melius
915 3285 1064 3369 sequitur
1093 3305 1138 3346 ex
1162 3265 1359 3367 praemissis,
1381 3285 1467 3347 sicut
1493 3305 1552 3367 per

396 3388 627 3451 auctoritatem
651 3398 685 3451 et
708 3389 951 3470 experientiam
975 3397 1009 3451 et
1032 3388 1194 3450 rationem
1226 3386 1451 3470 multipliciter
1476 3409 1550 3471 pro-

394 3491 492 3555 babo
560 3492 596 3557 Si
626 3513 704 3555 vero
734 3492 816 3555 haec
847 3492 910 3556 tria
940 3492 1131 3556 refellantur
1161 3490 1340 3575 aliquando
1375 3492 1551 3574 magnifica

397 3595 533 3658 rationis
557 3597 714 3679 potentia,
736 3606 892 3679 quartum
916 3617 1047 3680 semper
1069 3596 1103 3658 in
1127 3604 1284 3678 promptu
1308 3604 1366 3669 est,
1383 3605 1416 3658 et
1439 3596 1473 3657 in
1496 3616 1553 3658 ore

397 3700 581 3781 cujuslibet,
597 3708 633 3762 ut
650 3700 789 3782 quilibet
812 3721 908 3762 suam
933 3700 1154 3783 ignorantiam
1172 3707 1318 3776 excuset,
1334 3709 1367 3762 et
1382 3697 1458 3762 licet
1474 3698 1555 3762 nihil

396 3805 537 3886 dignum
571 3805 662 3880 sciat,
688 3804 780 3866 illum
812 3813 926 3867 tamen
948 3802 1147 3886 'magnificet
1174 3802 1416 3884 impudenter⁸,
1439 3811 1477 3865 ut
1506 3804 1554 3866 sic

398 3908 516 3970 saltem
544 3928 625 3971 suae
648 3907 808 3971 stultitiae
832 3907 953 3970 infelici
984 3907 1104 3970 solatio
1129 3907 1303 3969 veritatem
1327 3907 1495 3989 opprimat
1520 3917 1555 3970 et

399 4011 510 4075 elidat.
565 4011 622 4073 Ex
651 4010 703 4073 his
734 4020 846 4074 autem
874 4010 1026 4095 pestibus
1057 4009 1233 4074 mortiferis
1260 4009 1416 4074 accidunt
1442 4011 1555 4073 omnia

399 4115 486 4177 mala
502 4115 632 4197 generis
646 4113 784 4177 humani
795 4114 827 4194 ⁹;
851 4135 929 4176 nam
953 4115 1149 4196 ignorantur
1163 4112 1341 4175 utilissima
1356 4121 1389 4175 et
1406 4114 1555 4176 maxima

398 4226 431 4282 et
448 4217 668 4302 pulcherrima
691 4219 874 4304 sapientiae
896 4219 1108 4293 documenta,
1124 4225 1158 4279 et
1173 4217 1324 4279 omnium
1340 4217 1552 4280 scientiarum

408 4401 590 4470 ,¹O.,apud.
642 4471 644 4476 Δ
1052 4398 1113 4466 Ἴ,
1127 4401 1197 4464 dicit,
1210 4401 1264 4452 also
1277 4401 1309 4452 Ο.
1345 4399 1444 4464 V.,ait.

395 4491 398 4500 ⁴
430 4482 500 4546 ³V.,
515 4484 657 4534 Hortensis.
690 4485 726 4549 J.,
740 4483 886 4535 Hortensio.
1053 4477 1204 4548 ‘J.‚dicic'
1231 4483 1275 4544 V.,
1289 4478 1392 4532 dicunt'
1511 4479 1513 4483 ’

430 4564 554 4629 ¹⁵J.,sua.
584 4566 682 4629 V.,sui.
750 4563 821 4626 ⁶0„
833 4565 974 4615 undecimo.
1052 4562 1275 4629 ⁷J.omitsnobis.
1301 4563 1552 4617 O.andV.retain'it.

429 4645 441 4686 Ι
456 4649 491 4713 J.,
501 4647 667 4714 impudenter.
696 4648 727 4698 V.
734 4649 783 4698 and
793 4648 824 4700 O.
829 4685 835 4711 ,
843 4647 1021 4716 imprudenter.
1051 4643 1065 4681 >⁰
1082 4647 1125 4706 O.,
1136 4646 1247 4701 humano
1258 4645 1353 4710 generi,
