3559 5442
416 697 450 736 η
642 679 809 743 OPERIS
826 680 1028 760 MAsoars
1044 681 1166 742 PARS
1183 681 1343 742 PRIMA.

413 841 598 920 stultitiam,
614 851 749 926 propter
765 862 848 924 quas
869 841 963 933 ipsa1
987 863 1161 925 possemus
1176 853 1210 907 et
1225 843 1425 907 deberemus
1437 843 1570 908 evitare.

413 945 481 1010 Sed
505 955 640 1031 propter
660 967 777 1010 causas
800 947 988 1029 assignatas
1011 950 1054 1013 de
1075 946 1272 1010 inducendis
1295 947 1568 1030 philosophorum

412 1051 614 1114 testimoniis
630 1051 703 1114 silui
721 1050 789 1114 fere
805 1051 838 1114 in
855 1051 928 1114 aliis
939 1073 948 1132 ;
971 1051 1014 1115 ad
1029 1050 1116 1114 hoc²
1138 1051 1250 1114 idem²
1272 1072 1358 1134 quae
1380 1073 1469 1116 nunc
1492 1069 1569 1134 sup-

413 1154 568 1236 ponenda
592 1164 677 1232 sunt,
700 1175 738 1218 ac
762 1155 789 1218 si
812 1162 923 1218 essent
947 1156 1125 1238 proposita
1172 1155 1272 1218 Nunc
1295 1166 1407 1220 autem
1431 1172 1567 1238 possum

412 1258 570 1321 innuere3
599 1259 746 1335 consilia,
772 1259 962 1322 testimonia
989 1259 1022 1322 in
1053 1259 1173 1342 quibus
1199 1259 1374 1324 consilium
1401 1260 1453 1323 vel
1476 1279 1569 1322 man-

412 1361 530 1426 datum
553 1363 596 1426 de
622 1363 790 1426 obviando
816 1362 888 1426 istis
915 1363 1104 1445 expressius
1126 1363 1275 1429 habetur.
1320 1363 1445 1428 Contra
1468 1364 1568 1446 igitur

413 1485 546 1529 sensum
583 1465 673 1548 vulgi
704 1475 877 1530 teneamus
909 1467 1105 1530 mandatum
1136 1468 1260 1542 Exodi,
1305 1469 1383 1532 Non
1421 1469 1568 1551 sequeris

412 1569 543 1632 turbam
575 1571 617 1633 ad
649 1569 837 1633 faciendum
870 1571 1005 1648 malum,
1034 1593 1095 1634 nec
1126 1571 1160 1634 in
1194 1572 1320 1654 judicio
1350 1572 1566 1655 plurimorum

412 1674 584 1754 acquiesce
606 1675 800 1750 sententiae,
823 1683 860 1737 ut
883 1695 903 1736 a
925 1696 1003 1738 vero
1025 1674 1146 1739 devies.
1199 1676 1245 1738 Et
1268 1677 1442 1740 consilium
1465 1676 1567 1740 Tullii

412 1777 445 1840 in
469 1777 534 1840 fine
557 1777 599 1840 de
615 1777 886 1860 quaestionibus4
908 1777 1106 1862 impleamus
1122 1779 1271 1858 dicentis
1286 1781 1362 1843 ‘Tu‘
1372 1790 1483 1842 autem
1506 1781 1568 1844 etsi

412 1881 445 1944 in
472 1881 587 1945 oculis
603 1883 647 1944 sis
674 1882 907 1959 multitudinis
928 1893 1042 1947 tamen
1069 1884 1102 1947 in
1130 1885 1201 1966 ejus
1225 1884 1351 1966 judicio
1377 1894 1464 1948 stare
1491 1884 1569 1960 noli,

411 2005 472 2046 nec
488 1984 577 2066 quod
594 1985 665 2068 ipsa
686 1994 778 2067 putet
802 1985 890 2050 idem
915 1997 1033 2069 putare
1055 1986 1332 2070 pulcherrimum?
1375 1989 1421 2052 Et
1438 1989 1567 2052 Seneca

412 2087 495 2150 libro
512 2087 553 2151 de
575 2090 672 2171 copia
686 2089 861 2152 verborum
885 2091 1005 2153 invitat
1022 2111 1082 2154 nos
1105 2101 1139 2154 et
1161 2091 1352 2155 consolatur
1374 2094 1567 2155 recedentes

411 2192 506 2255 avia
530 2193 759 2268 multitudinis,
782 2194 905 2271 dicens,
927 2194 1108 2258 ‘Nondum
1134 2195 1214 2258 felix
1238 2216 1282 2271 eS,
1305 2197 1332 2258 si
1359 2195 1509 2259 nondum
1533 2205 1567 2258 te

410 2294 509 2358 turba
531 2296 697 2359 deriserit!
753 2297 799 2360 Et
826 2307 942 2361 contra
967 2299 1242 2362 consuetudinem
1273 2299 1469 2382 impleamus
1493 2320 1568 2363 con-

411 2399 519 2462 silium
551 2400 718 2483 Cypriani,
748 2401 965 2466 Consuetudo
1002 2403 1073 2465 sine
1102 2403 1241 2466 veritate
1270 2412 1419 2468 vetustas
1449 2404 1565 2466 erroris

411 2513 471 2580 est,
500 2514 635 2588 propter
665 2504 755 2587 quod
782 2505 896 2568 relicto
919 2526 1037 2582 errore,
1064 2528 1242 2588 sequamur
1274 2509 1458 2573 veritatem.
1519 2508 1565 2570 Et

410 2607 623 2691 Augustinus
660 2610 820 2693 praecipit
850 2609 940 2692 quod
973 2613 1113 2674 veritate
1143 2612 1329 2689 manifesta,
1358 2611 1458 2674 cedat
1486 2631 1565 2674 con-

411 2713 553 2776 suetudo
574 2712 713 2789 veritati,
729 2713 806 2794 quia
829 2715 1104 2777 consuetudinem
1127 2716 1248 2779 veritas
1270 2725 1304 2779 et
1327 2717 1411 2778 ratio
1434 2726 1568 2797 semper

410 2816 596 2880 excludunt
607 2816 627 2879 ⁵.
688 2817 733 2879 Et
762 2816 918 2895 Isidorus
946 2818 1037 2882 Usus
1060 2819 1249 2883 auctoritati
1276 2819 1394 2898 cedat;
1424 2839 1564 2901 pravum

411 2940 507 2984 usum
524 2919 580 2982 lex
595 2928 633 2982 et'
645 2921 728 2983 ratio
744 2920 877 2984 vincant
888 2921 922 2986 ⁰.
955 2922 1001 2983 Et
1016 2921 1092 2984 ideo
1107 2922 1237 2985 Tullius
1253 2920 1358 2986 libr0⁷
1374 2924 1416 2986 de
1431 2923 1567 2985 immor·

410 3024 540 3090 talitate
555 3022 850 3100 animae,‘laudans
867 3033 901 3086 et
915 3024 1082 3087 extollens
1098 3046 1154 3088 eos
1170 3027 1228 3108 qui
1243 3026 1374 3108 fugiunt
1389 3035 1565 3107 consuetu-

410 3129 533 3206 dinem,
549 3128 638 3201 dicit,
662 3128 798 3210 ‘Magni
822 3129 924 3191 animi
947 3138 998 3192 est
1021 3130 1258 3210 cogitationem
1281 3151 1301 3192 a
1323 3125 1565 3194 consuetudine

410 3252 572 3296 revocare.
633 3231 904 3294 Nomen-autem
931 3233 1162 3295 auctoritatis8
1192 3234 1371 3297 favorabile
1401 3243 1481 3301 est·
1520 3233 1567 3296 Et

410 3335 485 3399 ideo
504 3334 644 3416 majores
661 3335 765 3397 nostri
781 3334 960 3397 venerandi
983 3344 1070 3410 sunt,
1085 3337 1154 3398 sive
1168 3337 1316 3401 habeant
1331 3338 1563 3401 auctoritatem

409 3460 532 3512 veram,
558 3439 627 3501 sive
653 3447 880 3520 apparentem,
907 3433 1071 3519 quaeest
1100 3441 1279 3504 auctoritas
1306 3441 1429 3505 ducum
1455 3440 1565 3523 vulgi?

411 3544 457 3605 Et
486 3532 737 3605 contra‘usum
775 3542 966 3624 apparentis
994 3533 1209 3608 'auctoritatis
1243 3567 1309 3608 non
1341 3537 1449 3608 solum
1487 3536 1566 3608 sunt

410 3647 542 3730 propria
565 3639 702 3708 consilia
725 3654 758 3708 et
781 3644 941 3708 mandata
956 3646 1139 3711 secundum
1155 3648 1226 3711 vias
1243 3642 1313 3712 Dei
1322 3643 1356 3712 et
1374 3657 1565 3712 sanctorum

409 3760 443 3814 e't
459 3743 731 3832 philosophorum
747 3757 781 3810 et
796 3749 946 3811 omnium
970 3751 1169 3831 sapientum,
1185 3746 1249 3814 sed
1269 3753 1425 3834 quicquid
1445 3746 1567 3821 ⁸contra

409 3847 501 3918 vitia
519 3845 698 3915 humanae
716 3845 901 3934 fragilitatis
928 3852 1017 3935 apud
1045 3864 1196 3918 auctores
1226 3877 1323 3919 veros
1349 3855 1415 3918 dici
1446 3852 1567 3938 potest,

409 3975 587 4022 commune
602 3964 653 4018 est
674 3956 721 4017 eis
744 3956 800 4037 qui
823 3957 1021 4020 auctoritate
1043 3957 1227 4022 abutuntur
1249 3969 1472 4043 praesumpta.
1519 3960 1566 4024 Et

408 4054 485 4125 ideo
500 4061 527 4122 si
543 4058 680 4122 consilia
695 4068 729 4122 et
745 4058 904 4122 mandata
919 4055 1082 4123 habemus
1098 4071 1215 4125 contra
1227 4057 1400 4126 defectus⁹
1413 4058 1566 4127 verorum

408 4169 592 4242 auctorum,
609 4161 715 4226 multo
738 4164 846 4245 magis
868 4172 984 4227 contra
1006 4165 1191 4229 abutentes.
1237 4166 1306 4233 Sed
1322 4167 1399 4249 quia
1416 4177 1567 4232 auctores

440 4351 488 4420 1J.
504 4350 622 4416 O.,ipsa.
657 4348 788 4414 V.,ipsas.

439 4433 650 4503 ²J.,hocidem.
678 4432 874 4494 V.,haecidem.
906 4433 940 4485 Ο.
952 4434 1246 4486 omitsadhoc-essent
1258 4435 1393 4502 proposita.

439 4516 450 4549 ³
464 4519 501 4584 J.,
514 4514 635 4566 invenire.
706 4581 707 4586 ¹
1053 4515 1064 4546 ⁴
1077 4518 1113 4581 J.,
1127 4517 1316 4583 quaestionibus
1326 4519 1352 4568 in
1365 4519 1422 4569 fine.

440 4599 450 4631 ⁶
465 4600 489 4664 J.
505 4598 547 4659 O.,
562 4596 679 4648 excludit.
759 4593 770 4627 ⁶
787 4597 832 4657 O.,
844 4596 954 4649 vincant.
990 4599 1035 4660 V.,
1047 4599 1139 4650 vincat.
1217 4598 1228 4632 ⁷
1245 4600 1277 4651 0.
1291 4616 1342 4650 om.
1355 4601 1428 4652 libro.

440 4682 450 4715 ⁸
464 4684 501 4749 J.,
514 4679 655 4731 auctoritas.
694 4679 726 4732 0.
731 4716 739 4744 ‚
752 4679 916 4731 auctoritatis.
1054 4679 1066 4712 ⁰
1079 4683 1115 4748 J.,
1128 4681 1263 4734 defectum.
1298 4681 1331 4733 Ο.
1344 4682 1389 4744 V.,
1401 4683 1519 4735 detectus
