3559 5442
404 694 443 765 64
596 689 764 752 OPERIS
781 690 850 749 MA
846 688 982 769 JORIS
999 688 1119 749 PARS
1138 687 1366 748 SECUNDA.

403 875 448 918 ex
472 875 561 918 nunc
587 853 683 916 dictis
709 852 820 917 claret.
866 852 912 914 Et
939 851 1014 914 ideo
1043 851 1124 914 dicit
1153 844 1283 914 decimo
1309 859 1427 913 octavo
1453 848 1560 912 libro1

404 957 615 1039 Augustinus
641 958 730 1038 quod
762 964 839 1038 post
865 954 1009 1017 Esdram
1036 954 1098 1017 suit
1129 953 1292 1029 Socrates
1314 952 1378 1016 hoc
1404 963 1455 1016 est
1484 975 1561 1036 pos·

403 1060 503 1123 terior
524 1069 629 1122 natu..
661 1059 748 1122 Nam
772 1056 908 1140 quando
931 1057 1041 1120 floruit
1067 1057 1193 1122 Esdras
1223 1056 1312 1139 apud
1343 1077 1455 1140 regem
1484 1057 1561 1119 Per-

402 1185 513 1227 sarum
550 1173 585 1226 et
620 1163 775 1245 Judaeos,
806 1171 885 1224 tunc
925 1161 1078 1226 Socrates
1108 1171 1246 1224 exortus
1282 1170 1341 1224 est
1406 1161 1471 1225 Hic
1507 1171 1561 1223 est

404 1269 558 1332 Socrates
588 1267 644 1349 qui
674 1266 794 1330 dicitur
818 1274 913 1347 pater
943 1263 1216 1347 philosophorum
1247 1285 1453 1347 magnorum,
1479 1285 1561 1346 quo·

403 1373 493 1435 niam
514 1371 661 1434 Platonis
680 1378 714 1433 et
730 1368 921 1432 Aristotelis
944 1368 1111 1450 magister,
1131 1389 1151 1430 a
1168 1368 1289 1449 quibus
1311 1389 1428 1431 omnes
1450 1378 1561 1431 sectae

403 1475 711 1558 philosophantium
748 1472 1000 1535 descenderunt.
1061 1472 1157 1535 Plato
1193 1471 1339 1561 quidem,
1374 1470 1559 1535 secundum

404 1570 531 1642 Bedam
551 1579 584 1641 in
605 1585 749 1641 tractatu
768 1575 885 1656 majori
910 1574 951 1638 de
970 1575 1185 1658 temporibus
1201 1584 1299 1638 natus
1322 1584 1373 1638 est
1395 1575 1458 1638 sub
1474 1575 1559 1658 Sog-

403 1682 504 1745 diano
514 1680 535 1756 ²,
557 1681 614 1762 qui
644 1679 814 1743 mensibus
839 1687 968 1762 septem
995 1679 1155 1761 regnavit,
1177 1679 1230 1741 cui
1255 1679 1412 1742 successit
1437 1678 1560 1741 Darius

403 1782 649 1868 cognomento3
673 1783 814 1858 Nothus
834 1802 1039 1864 quamquam
1061 1781 1124 1844 sub
1141 1782 1260 1845 eodem
1282 1782 1387 1846 Dario
1409 1782 1503 1845 Beda
1525 1783 1559 1844 in

404 1887 543 1971 majori4
559 1896 701 1950 tractatu
717 1886 759 1948 de
775 1885 981 1968 temporibus
996 1885 1139 1948 scribat⁵
1154 1895 1270 1948 natum
1286 1905 1359 1948 esse
1376 1885 1562 1949 Platonem

405 1993 472 2059 Sed
489 1993 521 2055 in
539 1991 594 2054 illo
610 2001 753 2054 tractatu
770 2000 902 2074 tempus
919 1990 1089 2073 Sogdiani,
1106 1991 1184 2072 quia
1197 1991 1365 2054 modicum
1383 1992 1454 2067 suit,
1468 2013 1560 2054 com-

403 2105 499 2179 putat
515 2095 576 2158 sub
597 2115 699 2177 regno
716 2094 818 2158 Darii.
864 2093 953 2157 Nam
977 2094 1150 2156 continuat
1171 2115 1249 2156 eum
1271 2115 1348 2157 cum
1367 2095 1561 2157 Artaxerxe

404 2199 624 2281 Longimano.
669 2197 836 2260 Nascente
850 2217 937 2270 vero
946 2196 1084 2260 Platone
1097 2197 1342 2279 Hippocrates⁰
1357 2198 1513 2273 medicus,
1524 2207 1561 2261 ut

402 2302 483 2365 dicit
507 2302 607 2376 Beda,
631 2301 768 2383 insignis
792 2299 940 2375 habetur,
962 2309 996 2362 et
1019 2300 1082 2362 hoc
1107 2309 1257 2384 tempore
1280 2300 1503 2383 Empedocles
1526 2311 1560 2364 et

403 2405 616 2468 Parmenides
629 2405 753 2466 inventi
770 2412 865 2480 sunt3
885 2403 944 2466 sed
962 2403 1058 2466 Plato
1075 2403 1244 2469 Socratica
1256 2405 1364 2486 primo
1376 2405 1560 2481 addiscens

402 2518 436 2572 et
458 2531 498 2572 ea
520 2501 781 2590 quae'Graeciae
804 2508 947 2583 luerunt,
962 2508 1119 2590 magister
1136 2508 1345 2571 Athenarum
1363 2509 1559 2592 Aegyptum

402 2613 507 2695 petiit,
528 2621 563 2675 et
591 2612 777 2693 Archytam
805 2611 1025 2675 Tarentinum
1052 2621 1086 2674 et
1113 2613 1300 2690 Timaeum,
1329 2611 1560 2695 eandemque⁷

402 2737 494 2778 oram
520 2714 636 2778 ltaliae
662 2735 748 2796 quae
777 2714 904 2797 Magna
931 2714 1071 2778 Graecia
1097 2714 1280 2793 dicebatur,
1303 2714 1559 2781 laboriosissime

403 2820 599 2902 peragravit,
625 2828 662 2881 ut
688 2819 769 2882 dicit
801 2819 1029 2901 Hieronymus
1059 2818 1102 2882 ad
1134 2819 1319 2883 Paulinum.
1367 2820 1412 2883 Et
1442 2830 1559 2884 contra

403 2923 563 2985 Rufinum
584 2923 697 2985 scribit
715 2923 944 3004 Hieronymus
963 2922 1053 3004 quod
1071 2922 1167 2985 Plato
1189 2932 1266 3005 post
1282 2923 1502 2988 Academiam
1527 2935 1560 2988 et
1595 2967 1599 2974 ι

402 3027 658 3090 innumerabiles
684 3025 873 3108 discipulos,
896 3027 1043 3089 sentiens
1070 3026 1213 3115 multum
1241 3048 1320 3090 suae
1341 3027 1458 3091 deesse
1480 3028 1560 3093 doc:

402 3132 517 3205 trinae,
545 3130 636 3192 venit
670 3129 712 3192 ad
752 3130 914 3210 Magnam
946 3129 1129 3203 Graeciam,
1162 3130 1274 3212 ibique
1311 3130 1375 3193 ab⁸
1407 3132 1559 3215 Archyta

402 3232 585 3296 Tarentino
601 3231 829 3314 Timaeoque⁹
845 3233 1001 3295 Locrensi
1020 3232 1229 3316 Pythagorae
1245 3233 1396 3297 doctrina
1410 3235 1559 3298 eruditus

401 3336 602 3419 elegantiam
623 3345 657 3398 et
680 3335 826 3418 leporem
850 3355 927 3418 cum
949 3334 1142 3416 hujusmodi
1166 3337 1309 3400 instituit
1318 3336 1343 3376 1⁰
1365 3338 1563 3422 disciplinis

402 3440 448 3503 Et
486 3440 548 3502 iste
586 3438 682 3501 Plato
718 3438 874 3500 omnibus
908 3437 1115 3521 philosophis
1155 3440 1338 3502 antefertur
1374 3441 1558 3505 secundum

402 3553 543 3620 sanctos
566 3543 724 3625 quoniam
748 3542 819 3623 ejus
843 3541 916 3604 libri
944 3542 986 3605 ad
1011 3563 1129 3605 manus
1151 3563 1266 3606 eorum
1289 3543 1503 3622 devenerunt,
1526 3556 1560 3609 et

401 3648 479 3730 quia
494 3647 676 3709 sententias
692 3648 734 3709 de
751 3646 825 3709 Deo
849 3645 1003 3728 pulchras
1026 3656 1059 3709 et
1083 3646 1124 3709 de
1148 3648 1293 3710 moribus
1316 3657 1350 3712 et
1364 3650 1434 3712 vita
1449 3650 1561 3713 sutura

402 3749 508 3812 multa
533 3749 735 3838 conscripsit,
761 3769 847 3830 quae
874 3769 987 3811 sacrae
1014 3749 1079 3812 Dei
1106 3750 1288 3832 sapientiae
1315 3751 1457 3814 multum
1481 3774 1560 3815 con·

401 3854 550 3929 cordam,
575 3862 612 3915 ut
635 3853 667 3916 in
691 3862 785 3935 parte
809 3852 1040 3935 philosophiae
1063 3853 1197 3916 moralis
1220 3853 1411 3936 explanabo
1424 3876 1432 3933 ;
1458 3866 1493 3919 et
1515 3857 1560 3919 ob

401 3957 464 4020 hoc
479 3958 737 4020 aestimaverunt
752 3956 848 4019 multi
863 3957 924 4020 viri
939 3954 1091 4020 catholici
1103 3957 1193 4039 quod
1203 3958 1365 4021 audiverit
1379 3956 1563 4040 jeremiam

402 4060 599 4145 prophetam
613 4061 645 4122 in
660 4061 827 4143 Aegypto
861 4060 953 4124 'Nam
963 4060 988 4098 ¹¹
1005 4061 1201 4143 Aegyptum
1218 4062 1314 4144 petiit
1325 4072 1462 4146 propter
1472 4065 1560 4148 sapi-

434 4195 504 4257 10.,
519 4196 583 4245 libro
594 4196 627 4245 de
638 4195 746 4245 Ciuitate
762 4196 823 4246 Dei:
900 4211 902 4221 ·
1039 4194 1110 4256 ²0.‚
1124 4196 1259 4260 Sogdiane.
1366 4188 1369 4197 ⁴

433 4275 445 4309 ⁸
458 4278 482 4343 J.
487 4314 494 4338 ‚
507 4285 698 4342 cognomento.¹
721 4278 763 4340 Vr,
777 4277 946 4342 cognomenti.
983 4277 1026 4340 0.,
1040 4277 1189 4342 cognomine
1200 4286 1281 4331 natus.

434 4359 603 4425 ⁴J.‚minori.
635 4359 937 4422 0.,ine0‹1emtractaru.
1043 4357 1103 4425 ⁵J.‚
1117 4359 1210 4410 scribit.
1245 4361 1277 4415 V.
1291 4360 1334 4421 0.,
1348 4362 1448 4414 scribat.

433 4441 481 4509 ⁰J.
496 4443 528 4491 V.
542 4441 719 4509 Q.,Yp0cras.
821 4483 823 4487 .
885 4480 889 4488 .

432 4523 444 4558 ⁷
457 4524 493 4588 J..
507 4524 675 4588 eandemque*
701 4524 744 4587 V.,
758 4524 872 4574 eandem.
904 4524 936 4575 Ο.
950 4540 1000 4575 om.
1015 4523 1342 4587 eandemque—dicebatur.

432 4605 492 4671 an
505 4607 546 4658 ad,
1043 4601 1102 4656 ⁹0.
1116 4622 1166 4655 om.
1180 4605 1489 4673 limatoque-doctrina.
1529 4621 1531 4625 '

421 4687 659 4753 1⁰J.0.‚miseuit.
710 4727 714 4737 ,
882 4725 901 4731 ..
932 4706 947 4710 ··
1032 4685 1113 4749 110.,
1128 4689 1195 4740 Non.
