3559 5442
591 671 645 732 CA
654 671 771 732 USAE
790 669 1002 734 ERRORIS.
1340 684 1376 727 21

221 828 397 894 Avicenna
418 833 607 897 revocavit1
639 833 884 917 philosophiam
910 834 1099 898 Aristotelis
1127 834 1217 918 apud
1249 833 1379 897 Arabes

220 933 254 995 in
285 933 393 998 lucem
424 936 569 1019 plenam.
634 937 767 1019 Vulgus
801 938 890 1001 enirn
922 937 1230 1021 philosophantium
1268 937 1378 1020 ipsum

220 1037 407 1119 ignoravit;
438 1041 535 1123 pauci
558 1040 646 1105 enirn
669 1051 704 1105 et
730 1041 899 1106 modicum
927 1041 1160 1125 philosophiae
1187 1040 1379 1105 Aristotelis

220 1141 404 1224 attigerunt
440 1153 520 1206 ante
557 1152 692 1226 tempus
729 1144 932 1220 Avicennae,
961 1145 1019 1227 qui
1049 1145 1107 1208 diu
1137 1153 1214 1228 post
1244 1152 1379 1225 tempus

221 1243 428 1310 Machometi
444 1246 571 1330 nuper²
586 1247 840 1331 philosophatus
859 1258 920 1311 est.
967 1249 1142 1311 Avicenna
1164 1248 1263 1311 vero⁸
1284 1267 1378 1330 prae-

220 1350 336 1431 cipuus
352 1351 543 1414 Aristotelis
558 1352 732 1433 expositor
747 1361 781 1415 et
797 1353 968 1415 maximus
980 1353 1128 1415 imitator
1141 1351 1263 1415 multas
1276 1349 1379 1414 rebel·

219 1451 346 1526 liones4
361 1474 479 1536 passus
495 1463 545 1517 est
561 1454 604 1516 ab
627 1454 707 1519 aliis.
753 1454 841 1518 Nam
859 1456 1024 1519 Averroes
1041 1455 1148 1538 major
1163 1463 1240 1537 post
1263 1473 1321 1516 eos
1343 1460 1378 1515 et

219 1554 274 1618 alii
311 1556 620 1621 condemnaveiunt
657 1558 866 1621 Avicennam
908 1559 995 1622 ultra
1033 1558 1193 1636 modum;
1229 1557 1288 1620 sed
1326 1557 1378 1620 his

220 1660 426 1742 temporibus
441 1662 582 1744 gratiam
600 1663 812 1744 sapientum⁵
827 1662 974 1727 obtinuit
990 1661 1149 1746 quicquid
1169 1662 1260 1725 dicat
1275 1662 1379 1724 Aver-

219 1782 302 1837 roeS,
317 1764 374 1846 qui
390 1765 490 1828 etiarn
507 1764 564 1828 diu
581 1765 751 1848 neglectus
768 1766 829 1829 fuit
852 1776 885 1828 et
909 1766 1113 1850 repudiatus,
1127 1787 1166 1828 ac
1182 1764 1378 1848 reprobatus

219 1886 239 1928 a
262 1868 468 1950 sapientibus
492 1869 628 1932 famosis
652 1870 684 1933 in
708 1870 830 1944 studi0‚
852 1870 960 1933 donec
987 1871 1148 1953 paulatim
1175 1869 1284 1952 patuit
1305 1869 1378 1950 ejus

219 1971 383 2053 sapientia
405 1973 485 2035 satis
512 1972 624 2055 digna,
650 1972 727 2036 licet
757 1973 790 2035 in
815 1972 982 2055 aliquibus
1009 1973 1099 2036 dixit
1125 1973 1236 2036 minus
1261 1971 1377 2035 benet.

220 2073 352 2138 Scimus
376 2077 464 2138 enim
488 2075 578 2158 quod
602 2076 808 2160 temporibus
827 2077 949 2140 nostris
975 2077 1119 2140 Parisius
1135 2077 1192 2140 diu
1217 2076 1279 2138 fuit
1299 2095 1377 2138 con-

218 2167 397 2270 tradictum
425 2179 567 2243 naturali
593 2180 824 2264 philosophiae
850 2190 883 2244 et
915 2181 1164 2265 metaphysieae
1188 2180 1378 2242 Aristotelis

218 2302 277 2365 per
299 2283 508 2347 Avicennam
532 2293 565 2347 et
586 2282 793 2347 Averroem⁷
812 2285 985 2368 expositiS,
1000 2294 1034 2347 et
1056 2283 1101 2347 ob
1123 2285 1262 2347 densam
1286 2284 1380 2365 igno-

218 2387 360 2449 rantiam
391 2387 523 2450 fuerunt
553 2387 626 2450 libri
656 2408 771 2451 eorum
802 2388 1087 2451 excommunicati
1112 2397 1145 2450 et
1172 2396 1305 2450 utentes
1330 2387 1378 2449 eis

218 2511 277 2572 per
292 2499 444 2573 tempora
466 2492 547 2555 satis
570 2491 678 2573 longa.
723 2492 808 2557 Cum
833 2492 934 2575 igitur
949 2493 1031 2555 haec
1054 2493 1101 2554 ita
1123 2512 1158 2554 se
1174 2491 1299 2554 habent
1307 2489 1329 2566 ⁸,
1344 2499 1379 2552 et

219 2614 279 2656 nos
302 2594 453 2657 moderni
479 2595 704 2678 approbamus
730 2597 818 2658 viros
845 2595 1033 2680 praedictos
1059 2605 1129 2659 tam
1161 2594 1379 2678 philosophos

218 2718 319 2779 quam
343 2707 499 2778 sanctos;
529 2708 562 2762 et
586 2699 708 2761 scimus
736 2699 826 2781 quod
850 2701 960 2762 omnis
983 2697 1111 2762 additio
1134 2709 1169 2760 et
1195 2697 1378 2760 cumulatio

218 2802 401 2885 sapientiae
428 2823 511 2884 quas
537 2803 702 2866 dederunt
725 2812 803 2866 sunt
829 2802 952 2886 dignae
974 2803 1067 2866 omni
1095 2803 1217 2876 favore,
1240 2800 1317 2864 licet
1342 2801 1377 2863 in

218 2904 333 2969 multis
348 2905 420 2968 aliis
435 2906 600 2982 diminuti,
616 2915 649 2969 et
665 2906 698 2969 in
721 2906 872 2990 pluribus
888 2906 1054 2989 superflui,
1070 2914 1104 2968 et
1120 2906 1153 2969 in
1177 2904 1377 2987 quibusdam

219 3009 414 3091 corrigendi,
436 3018 469 3073 et
491 3011 526 3073 in
549 3011 715 3093 aliquibus
737 3010 954 3094 explanandi,
969 3009 1183 3073 manifestum
1207 3008 1304 3072 nobis
1326 3019 1378 3071 est

218 3112 309 3194 quod
337 3112 382 3176 illi
413 3113 469 3195 qui
493 3133 552 3196 per
577 3123 705 3177 aetates
728 3115 877 3196 singulas
901 3113 1147 3197 impediverunt
1173 3112 1378 3175 documenta

217 3216 365 3279 veritatis
388 3225 422 3278 et
445 3217 607 3293 utilitatis,
622 3238 709 3299 quae
730 3217 845 3281 oblata
869 3218 1002 3280 luerunt
1025 3217 1072 3280 eis
1095 3237 1154 3300 per
1175 3215 1262 3278 viros
1283 3236 1377 3298 prae·

217 3320 335 3398 dictos,
350 3319 449 3382 nimis
464 3330 663 3398 erraverunt,
678 3330 711 3384 et
735 3320 825 3403 quod
848 3320 959 3384 vitiosi
982 3320 1161 3403 plurimum
1186 3318 1320 3382 luerunt
1342 3319 1375 3380 in

217 3423 279 3485 hac
295 3431 410 3506 parte;
432 3423 491 3486 sed
515 3424 578 3486 hoc
597 3423 745 3487 lecerunt
768 3433 904 3508 propter
926 3423 1099 3486 scientiam
1116 3422 1346 3485 extollendam
1355 3421 1378 3498 ⁹,

217 3535 250 3589 et
277 3535 413 3609 propter
438 3527 660 3608 ignorantiam
699 3527 914 3612 palliandam.
982 3527 1074 3609 Ergo
1104 3526 1137 3588 in
1169 3526 1268 3590 nobis
1296 3526 1377 3609 ipsis

217 3630 378 3693 debemus
395 3629 501 3694 lacere
524 3631 613 3696 idem
637 3641 883 3714 argumentum,
900 3641 937 3695 ut
959 3652 1036 3695 cum
1060 3651 1122 3694 nos
1134 3630 1159 3669 ¹⁰
1182 3650 1376 3713 respuamus

218 3744 251 3798 et
272 3735 499 3817 vituperemus
522 3755 608 3817 quae
631 3735 835 3817 ignoramus,
849 3736 1033 3798 clamemus
1056 3733 1120 3797 hoc
1143 3753 1215 3796 esse
1241 3742 1377 3816 propter

217 3838 424 3920 ignorantiae
453 3847 587 3901 nostrae
616 3838 855 3915 defensionem,
890 3848 924 3902 et
958 3848 995 3902 ut
1029 3838 1085 3901 illa
1119 3837 1260 3912 modica,
1290 3856 1376 3919 quae

217 3942 350 4016 scimus,
379 3940 554 4004 sublimius
583 3940 785 4005 attollamus
847 3943 1084 4006 Permittamus
1115 3942 1216 4022 igitur
1246 3939 1376 4002 labores

217 4044 382 4108 introduci
410 4045 660 4127 congaudentes
684 4045 824 4123 veritati,
846 4047 925 4130 quia
951 4044 1171 4129 proculdubio
1194 4043 1271 4106 licet
1299 4063 1376 4107 cum

217 4147 414 4212 difficultate
435 4149 556 4212 veritas
579 4169 711 4233 semper
733 4148 938 4233 praevalebit
961 4148 1051 4232 apud
1075 4148 1252 4231 sapientes,
1268 4147 1377 4210 donec

248 4266 297 4333 ¹J.
312 4267 355 4328 0.,
368 4268 504 4319 revocavit.
539 4269 583 4329 V.,
596 4269 733 4320 renovavit.
826 4267 885 4319 20.
899 4283 949 4318 om.
963 4283 1050 4332 nuper.

249 4348 260 4381 ³
274 4350 298 4416 J.
313 4341 357 4412 02,
367 4359 459 4400 autem.
619 4367 621 4371 ·
827 4349 838 4380 ⁴
855 4351 888 4402 Ο.
902 4349 1063 4399 rebellitates.

249 4431 320 4493 ¹⁵0..
333 4431 489 4496 sapientiam.
826 4429 965 4497 ‘J.,bene
976 4432 1067 4480 minus.
1105 4429 1137 4480 Ο.
1151 4429 1291 4490 V.,minus
1302 4429 1375 4481 bene.

248 4512 260 4546 ⁷
273 4514 297 4578 J.
310 4513 343 4566 V.
358 4513 402 4574 0.,
414 4515 535 4579 Aueroys.
825 4511 835 4546 ⁸
849 4514 885 4578 J.,
898 4529 926 4564 se
935 4513 1031 4563 habent
1042 4513 1085 4562 ita

248 4594 259 4627 ⁹
273 4596 309 4661 J.,
321 4595 440 4646 scientiae
451 4597 617 4649 extollendae.
658 4596 701 4661 0.,
716 4595 833 4649 scientiae
844 4595 1025 4647 extollentiam.
1069 4595 1100 4646 Ο.
1114 4611 1164 4645 om.
1180 4593 1340 4658 palliandam.

238 4675 259 4709 ²⁰
273 4678 297 4744 J.
313 4677 389 4730 omits
399 4693 454 4730 nos.
