3559 5442
627 621 808 683 crusna
827 621 1038 682 ernnust.
1368 638 1405 699 35

254 793 363 846 mutat
378 783 595 847 sententiam.’
640 785 685 848 Et
701 783 763 847 hoc
781 805 896 848 verum
920 792 971 846 est
986 784 1049 847 nisi
1064 781 1221 866 quando¹
1244 783 1408 866 capitibus

232 893 238 904 '
255 887 431 951 malesanis
446 898 648 952 retractetur.
695 889 783 952 Nam
800 888 877 950 licet
892 888 1012 970 vulgus
1034 887 1077 950 de
1095 908 1130 950 se
1145 888 1187 949 sit
1210 885 1409 970 proclivius²

253 991 297 1054 ad
314 991 449 1070 malum,
472 1001 505 1056 et
520 993 600 1074 quia
617 993 749 1075 saepius
772 990 921 1056 ἰηηεηίῖ3
942 1000 1043 1075 caput
1065 990 1272 1072 languidum,
1293 1000 1407 1053 tamen

253 1095 315 1156 nisi
344 1096 400 1177 qui
426 1097 549 1179 praesit
574 1096 746 1178 impediat,
767 1096 849 1158 satis
875 1093 971 1157 facile
996 1104 1046 1157 est
1068 1096 1111 1158 ad
1132 1094 1261 1186 ⁸bonurn
1288 1094 1407 1177 imper·

252 1199 386 1278 sectum,
409 1201 488 1283 quia
509 1211 628 1284 suapte
651 1211 769 1263 natura
792 1200 969 1265 instabile4
990 1210 1051 1276 est,
1072 1211 1107 1264 et
1129 1199 1232 1262 semel
1255 1199 1407 1262 motum⁵

252 1303 391 1367 modurn
415 1325 544 1368 servare
560 1325 627 1370 ηοη
651 1313 771 1388 potest,
786 1313 820 1367 et
842 1305 918 1368 ideo
940 1305 983 1369 de
998 1304 1085 1368 facili
1105 1314 1270 1387 quantum
1292 1313 1344 1366 est
1366 1304 1410 1368 de

252 1426 287 1468 se
325 1409 464 1472 vertitur
493 1407 536 1471 ad
566 1409 731 1472 contraria
761 1407 945 1471 secundum
983 1409 1131 1490 regimen
1169 1407 1410 1490 praesidentis;

251 1511 410 1591 quoniam
426 1514 518 1575 omni
533 1522 634 1576 vento
650 1513 821 1576 doctrinae
836 1512 988 1590 flectitur,
1002 1511 1094 1576 velut
1115 1515 1253 1586 arund0,
1268 1521 1302 1574 et
1318 1513 1408 1594 quod

252 1615 392 1699 principi
412 1616 484 1699 ejus
506 1615 616 1700 placet
639 1616 728 1700 apud
752 1616 883 1700 ipsum⁰
906 1616 988 1698 legis
1010 1615 1111 1679 habet
1133 1616 1290 1698 vigorem.
1336 1615 1408 1678 Nos

251 1718 341 1781 enirn
364 1719 428 1782 hoc
451 1720 603 1783 videmus
632 1721 666 1784 in
693 1721 786 1783 omni
815 1721 1073 1802 congregatione
1103 1719 1287 1797 hominurn,
1316 1721 1408 1801 quod

251 1821 434 1886 secundum
458 1824 631 1887 arbitrium
648 1825 766 1907 capitis
785 1824 937 1886 membra
959 1833 1143 1887 moventur.
1190 1823 1279 1886 Nam
1302 1824 1329 1886 si
1350 1824 1407 1906 qui

250 1937 382 2008 praeest
412 1929 537 1991 bonum
566 1928 714 2011 negligit,
736 1928 861 1991 subditi
892 1927 1128 2007 obdormiunt;
1158 1927 1186 1990 si
1212 1926 1255 1990 ad
1281 1927 1406 1991 malum

251 2032 378 2095 excitat
389 2029 409 2110 ⁷,
437 2033 470 2094 in
493 2032 596 2095 illud8
625 2041 762 2096 currunt
791 2053 867 2102 curn
899 2031 1030 2112 furore3
1060 2032 1088 2094 si
1118 2031 1160 2095 ad
1191 2031 1317 2116 bonum
1347 2033 1408 2094 irn-

245 2122 432 2216 perfectum
442 2136 463 2214 ⁹,
478 2137 628 2200 similiter
644 2137 715 2200 sine
737 2136 936 2200 discretione
959 2135 1155 2199 festinantw.
1202 2136 1239 2201 Si
1259 2145 1372 2200 tamen
1382 2134 1407 2175 11

249 2240 321 2302 vias
337 2241 547 2323 perfectionis
564 2250 698 2304 moveat
707 2239 740 2317 ¹²,
754 2249 835 2303 tunc
859 2240 972 2303 olfacit
988 2261 1007 2302 a
1026 2240 1126 2322 longe
1142 2239 1331 2318 multitude,
1347 2242 1406 2304 sed

248 2351 384 2425 gustare
397 2365 457 2406 nec
470 2353 581 2428 potest
594 2365 654 2407 nec
667 2353 760 2407 curat
771 2343 796 2382 1³
812 2363 872 2406 nec
888 2344 932 2407 ab
947 2365 987 2407 ea
1003 2343 1103 2407 debet
1118 2345 1247 2426 requiri,
1261 2353 1298 2406 ut
1313 2365 1408 2428 supe·

249 2447 315 2509 rius
331 2456 503 2511 ostensum
519 2457 569 2512 est
578 2447 622 2524 14„
656 2448 758 2530 Quod
775 2448 801 2510 si
818 2469 885 2510 non
902 2458 989 2511 esset
1004 2448 1164 2530 temporis
1179 2449 1279 2511 vestri
1294 2450 1408 2511 omnia

249 2552 340 2634 apud
352 2551 489 2633 vulgum
502 2573 734 2615 consummare
742 2575 749 2632 ;
772 2553 895 2635 poterit
905 2553 1026 2615 Vestra
1039 2550 1289 2634 Magnificentia
1298 2550 1407 2614 locare

249 2656 476 2733 fundamenta,
499 2655 607 2719 fontes
633 2676 756 2733 eruere,
774 2655 902 2718 radices
925 2655 1033 2739 figere,
1049 2665 1213 2736 quatenus
1225 2655 1249 2693 ¹⁵
1264 2654 1406 2718 Vestrae

248 2759 444 2824 Sanctitatis
468 2781 672 2823 successores
688 2761 777 2844 quod
802 2759 938 2822 feliciter
960 2760 1130 2842 inceptum
1154 2758 1251 2821 fuerit
1273 2758 1406 2823 valeant

247 2863 375 2927 facilius
391 2863 594 2948 adimplere]

279 3039 290 3071 1
306 3042 364 3092 Vat.
379 3058 428 3092 om.
441 3044 552 3106 quando.
620 3039 632 3072 ²
648 3043 692 3102 O.,
706 3042 823 3106 proclive.
1064 3038 1075 3071 ³
1092 3040 1136 3100 O.,
1149 3039 1283 3092 invenitur.

277 3120 289 3152 ⁴
305 3123 350 3183 O.,
362 3125 494 3176 instabilis.
621 3123 631 3154 ⁶
648 3125 693 3185 O.,
704 3134 782 3174 mota.
1066 3119 1079 3152 1
1095 3123 1126 3173 Ο.
1142 3139 1193 3174 om.
1207 3123 1274 3188 apud
1285 3122 1376 3189 ipsum.

277 3204 288 3237 1
305 3206 349 3268 0.,
363 3206 473 3258 excitati.
622 3205 632 3237 ⁸
650 3207 694 3267 O.,
707 3207 782 3257 idem.
1066 3202 1078 3236 1
1094 3205 1127 3255 Ο.
1141 3221 1192 3255 om.
1206 3204 1387 3270 imperfectum.

265 3285 285 3318 ²⁰
302 3288 347 3348 O.,
360 3288 468 3340 festinat.
613 3287 632 3318 ¹¹
651 3289 694 3348 O.,
710 3287 782 3337 Etsi.
1063 3285 1084 3318 11
1101 3287 1145 3349 O.,
1158 3297 1250 3338 movet.

263 3367 284 3400 ¹⁸
301 3370 332 3420 Ο.
348 3387 399 3422 om.
410 3387 457 3420 nec
468 3379 544 3421 curat.
613 3369 634 3400 1⁴
651 3371 694 3430 O.,
707 3377 734 3419 ut
746 3369 858 3436 superius
874 3378 1001 3421 ostensum
1018 3376 1062 3420 est
1099 3371 1168 3432 Vat,
1187 3378 1215 3419 ut
1231 3370 1287 3420 loco
1303 3370 1404 3436 proprio

241 3458 385 3514 exponetur.
617 3449 637 3481 ¹⁵
655 3449 699 3512 O.,
712 3458 747 3500 ut.
