3559 5442
590 681 770 742 crusna·
788 680 999 742 Erronrs,
1337 696 1374 754 η

221 843 411 922 antefertur,
428 843 455 907 si
471 845 576 909 sancti
592 849 628 908 et
637 845 804 928 sapientes
816 845 938 908 caeteri
949 844 1061 926 aliqua
1072 864 1158 927 quae
1169 841 1376 908 humanam1

220 947 524 1032 imperfectioneml
537 949 720 1032 important
731 947 941 1032 protulerunt
953 949 986 1011 in
1002 948 1124 1031 quibus
1135 969 1194 1013 seu
1206 947 1379 1011 affirmatis

221 1073 281 1116 seu
297 1053 429 1135 negatis
445 1074 511 1116 non
529 1061 662 1137 oportet
678 1052 769 1136 quod
785 1073 848 1115 nos
863 1053 1033 1116 imitemur
1048 1073 1092 1115 ex
1110 1053 1227 1118 fronte.

266 1156 399 1221 Scimus
423 1155 558 1239 quidem
583 1157 673 1238 quod
695 1177 762 1219 non
779 1156 887 1218 solum
905 1155 1069 1220 dederunt
1085 1156 1181 1220 nobis
1204 1155 1379 1219 consilium

221 1269 254 1322 et
276 1260 444 1323 licentiam
469 1260 612 1324 faciendi
633 1258 727 1336 noct,
743 1260 801 1325 sed
825 1260 1049 1342 conspicimus
1073 1261 1163 1342 quod
1187 1261 1249 1344 ipsi
1272 1260 1380 1323 multa

220 1373 404 1447 posuerunt
429 1385 552 1447 magna
578 1353 776 1428 auctoritate
803 1384 889 1447 quae
912 1373 1030 1446 postea
1053 1363 1169 1445 majori
1191 1363 1380 1427 humilitate

221 1478 461 1547 retractarunt;
485 1489 564 1552 ergo
592 1467 690 1531 latuit
714 1469 747 1532 in
774 1470 821 1531 eis
845 1488 970 1550 magna
992 1468 1200 1551 imperfectio
1215 1468 1380 1552 prioribus

220 1573 438 1660 temporibus,
485 1571 585 1655 Quod
603 1573 629 1634 si
646 1573 810 1635 vixissent
826 1592 932 1654 usque
948 1592 1046 1649 nunc,
1061 1571 1169 1635 multo
1192 1571 1288 1655 plura
1310 1592 1380 1634 cor-

220 1678 387 1740 rexissent
402 1685 436 1740 et
452 1685 656 1754 mutassent3
675 1676 771 1758 cujus
787 1677 920 1758 signum
937 1686 987 1738 est
1000 1676 1086 1739 sicut
1098 1685 1132 1739 et
1144 1686 1379 1758 argumentum

220 1781 412 1864 principalis
428 1781 556 1857 intenti,
571 1780 662 1863 quod
677 1779 831 1843 doctores
855 1781 1053 1863 posteriores
1069 1780 1315 1864 quamplurima
1338 1780 1381 1843 de

219 1885 394 1947 sententiis
419 1894 610 1948 sanctorum
637 1893 858 1960 mutaverunt,
882 1892 916 1948 et
941 1885 995 1967 pie
1018 1905 1056 1946 ac
1079 1894 1266 1947 reverenter
1281 1885 1380 1947 inter-

220 1989 341 2072 pretati
368 1997 446 2051 sunt
473 1989 505 2052 in
534 2010 669 2052 sensum
696 2009 798 2070 quem
825 2008 940 2051 eorum
968 1988 1063 2050 litera
1090 2009 1157 2051 uon
1181 1989 1379 2072 praetendit.

220 2077 396 2156 Praeterea
419 2093 527 2155 sancti
552 2093 740 2155 adinvicem
766 2092 896 2155 fortiter
917 2092 1167 2155 contendebant
1189 2101 1224 2154 et
1246 2102 1380 2156 mutuas

218 2196 402 2280 positiones
427 2197 544 2259 acriter
570 2196 767 2260 mordebant
792 2205 825 2259 et
850 2197 1074 2280 reprobabant
1100 2206 1138 2260 ut
1161 2198 1295 2260 taedeat
1318 2218 1379 2260 nos

218 2301 419 2383 conspicere,
442 2309 475 2362 et
501 2300 762 2383 supramodum
787 2301 966 2378 miramur;
989 2301 1080 2382 quod
1104 2301 1240 2365 evidens
1267 2311 1318 2364 est
1344 2303 1378 2365 in

218 2405 368 2488 epistolis
394 2406 568 2468 beatorum
597 2405 780 2486 Augustini
807 2413 841 2466 et
870 2404 1080 2486 Hieronymi,
1105 2414 1140 2466 et
1167 2405 1281 2469 multis
1307 2405 1379 2468 aliis

218 2509 327 2573 modis
337 2509 357 2573 ⁸.
404 2509 489 2573 Cum
506 2509 595 2571 enim
615 2509 841 2590 Hieronymus
857 2528 893 2570 se
905 2508 1111 2591 comparavit
1124 2508 1201 2572 bovi
1213 2509 1309 2588 las30,
1321 2511 1379 2593 qui

218 2613 335 2677 fortius
367 2613 439 2696 figit
466 2612 596 2696 pedem,
623 2623 758 2696 propter
783 2613 846 2674 hoc
874 2613 965 2694 quod
990 2611 1061 2693 jam
1088 2613 1123 2676 in
1150 2611 1261 2676 studio
1283 2634 1378 2678 sacro

187 2719 188 2722 ’
217 2727 372 2781 senuerat
382 2718 407 2796 4,
418 2727 451 2781 et
468 2718 678 2800 Augustinus
695 2718 757 2781 luit
770 2716 881 2798 junior
897 2736 945 2793 eo,
961 2714 1114 2797 quamvis
1130 2717 1314 2798 episcopus,
1330 2737 1378 2778 re-

216 2823 359 2906 spondit·
369 2823 534 2885 monacho
550 2821 702 2905 pontifex
727 2820 817 2903 quod
835 2821 896 2882 bos
912 2840 1016 2882 senex
1033 2820 1150 2882 fortius
1167 2819 1239 2902 figit
1257 2820 1376 2903 pedem

217 2948 284 2990 non
301 2926 404 2988 animi
420 2926 532 3008 vigore
548 2927 605 2989 sed
623 2925 768 3006 corporis
785 2932 965 2987 senectute.
1011 2923 1148 2985 Etcum
1166 2924 1378 3006 Augustinus

216 3028 323 3092 multa
335 3037 508 3110 quaereret
520 3027 562 3089 ab
577 3026 797 3107 Hieronymo,
810 3024 889 3087 dicit
904 3024 1141 3106 Hieronymus,
1153 3030 1160 3057 ‘
1172 3023 1329 3088 Diversas
1341 3036 1377 3089 tu

216 3132 372 3194 nominas
401 3132 622 3212 quaestiones,
645 3131 703 3192 sed
735 3149 799 3211 ego
829 3129 938 3191 sentio
969 3148 1118 3191 meorum
1141 3129 1377 3210 opusculorum

216 3235 487 3319 reprehensiones
504 3235 721 3297 continentes
769 3233 1002 3296 Praetermitto
1015 3231 1246 3295 salutationis⁶
1260 3234 1378 3311 officia,

215 3327 337 3421 quibus
368 3360 479 3402 meum
510 3338 679 3401 demulces
706 3346 827 3419 caput;
865 3345 962 3398 taceo
990 3334 1033 3398 de
1056 3335 1228 3400 blanditiis
1258 3337 1379 3419 quibus

215 3443 507 3526 reprehensionem
539 3463 648 3505 meam
679 3441 794 3505 niteris
824 3439 998 3519 consolari,
1020 3449 1057 3502 ut
1079 3439 1121 3502 ad
1146 3441 1235 3524 ipsas
1258 3463 1377 3506 causas

214 3548 369 3627 veniam;
398 3547 566 3609 observari
589 3545 725 3628 quidem
755 3547 960 3608 ceremonias
991 3567 1059 3609 non
1087 3556 1200 3629 potest
1225 3567 1298 3609 esse
1328 3547 1377 3611 in-

215 3652 381 3729 differens,
403 3653 461 3714 sed
493 3661 551 3713 aut
581 3651 707 3713 bonum
731 3659 789 3712 aut
816 3649 964 3728 malum;
987 3660 1023 3714 tu
1051 3670 1131 3712 vero
1156 3650 1293 3727 bouum,
1314 3673 1378 3734 ego

216 3776 327 3820 assero
354 3757 478 3818 malum
495 3777 502 3832 ;
537 3755 618 3818 dum
643 3755 733 3818 aliud
756 3756 850 3833 vitas,
874 3755 918 3818 ad
943 3753 1033 3818 aliud
1057 3753 1263 3834 devolveris;
1296 3754 1376 3818 dum

215 3863 304 3926 enim
330 3860 451 3924 metuis
476 3859 697 3944 Porphyrium
726 3860 1029 3942 blasphemantem,
1055 3859 1195 3938 Ebionis
1221 3859 1377 3921 haeretici

215 3963 350 4046 laqueos
367 3962 522 4025 incurris)
568 3963 614 4024 Et
630 3962 709 4025 talia
727 3949 982 4026 innumerabilia
997 3961 1199 4044 colliguntur
1217 3981 1262 4024 ex
1286 3961 1377 4025 libris

214 4078 405 4144 sanctorum
429 4075 464 4130 et
486 4066 720 4130 historiarum6
735 4087 822 4150 quae
845 4078 914 4130 tam
939 4066 972 4129 in
996 4067 1094 4129 rebus
1117 4064 1159 4128 de
1182 4064 1303 4147 quibus
1325 4075 1377 4130 est

214 4171 386 4239 contentio
412 4191 513 4253 quam
542 4171 576 4234 in
600 4171 702 4236 modo
732 4169 997 4254 reprehensionis
1028 4169 1171 4233 multum
1196 4169 1228 4230 in
1252 4169 1376 4232 sanctis

214 4277 381 4340 humanae
411 4273 599 4356 fragilitatis
630 4275 821 4353 ostendunt,
852 4295 919 4358 qua
949 4272 1161 4336 affirmabant
1191 4291 1277 4353 quae
1307 4292 1375 4336 non

246 4435 330 4502 1J.,.
348 4473 356 4488 .
375 4472 383 4488 .
401 4435 624 4500 imperfectionem.
661 4435 704 4496 0.,
722 4435 858 4484 humanam
877 4432 1100 4498 imperfectionem.
1139 4433 1182 4494 V.,
1200 4432 1311 4482 humam
1330 4433 1376 4482 im·

180 4543 186 4561 ·
212 4520 375 4588 perfectione.
751 4577 754 4586 ,

245 4601 306 4674 U„
319 4602 369 4651 hoc
379 4600 495 4652 faciendi.
595 4599 656 4668 ³0.
669 4617 719 4650 om.
734 4599 823 4651 modis.
923 4596 996 4661 ⁴0.²
1008 4597 1125 4651 senuerit.

244 4684 254 4716 ⁶
271 4686 315 4746 0.,
327 4683 497 4755 salutationes.
594 4680 605 4713 θ
621 4683 653 4732 Ο.
668 4699 718 4732 om.
733 4690 757 4732 et
767 4682 936 4733 historiarum.
