3559 5442
404 697 442 737 20
628 676 794 739 OPERIS
812 677 881 736 MA
877 676 1013 755 JORIS
1029 675 1149 736 PARS
1166 676 1325 735 PRIMA.

402 840 490 902 enirn
517 838 778 923 simplicissimus
805 838 929 921 recepit
955 838 1152 921 sapientiam
1176 836 1259 920 legis
1285 858 1305 900 a
1331 838 1414 914 Deo,
1439 846 1556 901 contra

401 963 503 1024 quam
528 943 657 1005 Pharao
671 952 705 1005 et
723 942 883 1024 Aegyptii
907 950 942 1004 et
963 941 1106 1025 populus
1131 940 1361 1004 Hebraeorum
1384 949 1418 1004 et
1438 960 1556 1003 omnes

403 1047 554 1108 nationes
578 1044 839 1122 murmurabant,
861 1045 907 1107 ita
933 1047 1024 1127 quod
1052 1045 1146 1128 plebs
1174 1046 1238 1109 Dei
1260 1044 1367 1108 electa
1387 1045 1446 1107 vix
1469 1044 1557 1106 hanc

401 1151 599 1232 sapientiam
623 1149 727 1213 voluit
749 1149 916 1231 recipere;
945 1158 980 1211 et
1005 1157 1119 1211 tamen
1148 1149 1333 1232 praevaluit
1356 1148 1413 1210 lex
1439 1157 1556 1210 contra

402 1252 615 1328 adversarios,
631 1253 687 1334 qui
704 1250 925 1334 neglexerunt
941 1261 974 1314 et
998 1250 1221 1334 impedierunt
1238 1253 1436 1335 sapientiam
1452 1271 1554 1332 quarn

402 1377 469 1418 non
493 1355 689 1422 didicerunt.
737 1353 898 1419 Similiter
922 1355 1088 1418 Dominus
1111 1355 1263 1420 Christus
1285 1355 1377 1418 omni
1400 1353 1557 1436 simplici-

401 1468 472 1521 tate
487 1468 520 1522 et
536 1459 607 1522 sine
630 1458 717 1542 plica
739 1457 895 1520 salsitatis
917 1457 1083 1536 incedens,
1098 1468 1132 1522 et
1154 1459 1297 1541 apostoli
1319 1457 1555 1541 simplicissimi

401 1560 584 1626 intulerunt
601 1563 798 1645 sapientiam
823 1563 959 1637 mundo,
974 1562 1094 1644 quibus
1117 1564 1197 1625 satis
1219 1562 1462 1626 contradictum
1484 1570 1555 1624 erat

401 1676 535 1750 propter
557 1666 779 1748 ignorantiam
806 1664 912 1728 solam
935 1674 1050 1729 tantae
1073 1666 1237 1744 novitatis
1260 1677 1294 1729 et
1316 1665 1464 1742 tandem,
1479 1663 1556 1726 licet

400 1791 476 1833 cum
500 1790 632 1832 summa
654 1768 858 1846 difficultate,
880 1790 974 1831 saera
995 1770 1116 1832 veritas
1139 1779 1190 1832 est
1213 1778 1347 1852 recepta
1356 1767 1376 1832 ¹.
1421 1768 1555 1831 Deinde

400 1875 506 1938 sancti
536 1875 688 1937 doctores
718 1893 794 1936 cum
825 1872 988 1954 profluvia
1023 1874 1274 1956 expositionum
1305 1872 1387 1954 legis
1423 1871 1556 1935 divinae

400 1977 575 2041 voluerunt
591 1976 679 2051 dare,
694 1984 728 2038 et
750 1996 875 2059 magno
898 1977 1026 2058 impetu
1048 1996 1210 2058 aquarum
1234 1977 1418 2060 sapientiae
1441 1976 1556 2039 Eccle-

400 2083 483 2144 siam
514 2081 655 2162 irrigare‚
682 2080 739 2143 diu
770 2078 1034 2162 reputabantur2
1063 2081 1228 2157 haeretici,
1253 2090 1287 2144 et
1317 2080 1555 2162 compositores

400 2186 592 2250 falsitatum.
638 2186 726 2248 Nam
742 2185 827 2247 sicut
842 2184 971 2267 prologi
988 2184 1076 2247 beati
1095 2185 1294 2267 Hieronymi
1311 2186 1344 2248 in
1364 2184 1504 2249 Bibliam
1521 2194 1556 2247 et

400 2289 465 2352 alia
477 2289 548 2370 ejus
558 2309 658 2371 opera
670 2287 821 2370 probant,
831 2289 902 2370 ipse
914 2287 1096 2350 vocabatur
1109 2299 1283 2372 corruptor
1294 2288 1507 2371 Scripturae3
1521 2297 1556 2350 et

401 2391 560 2466 falsarius,
575 2401 609 2454 et
624 2391 809 2454 haeresium
825 2391 1015 2468 seminator,
1031 2400 1065 2453 et
1081 2391 1114 2454 in
1130 2401 1281 2474 tempore
1296 2413 1357 2454 suo
1372 2392 1555 2466 succubuit,

400 2517 461 2559 nec
484 2496 593 2579 potuit
616 2516 678 2558 sua
700 2515 801 2577 opera
824 2495 857 2557 in
881 2494 1016 2578 publico
1038 2496 1203 2577 ponere43
1231 2495 1291 2558 sed
1315 2495 1452 2559 tandem
1479 2505 1556 2578 post

401 2609 542 2663 mortem
573 2620 667 2662 suam
694 2599 816 2661 veritas
846 2619 926 2660 suae
948 2598 1174 2662 translationis
1200 2599 1327 2677 claruit,
1353 2610 1387 2662 et
1413 2620 1473 2662 sua
1495 2620 1555 2662 ex-

401 2703 530 2786 positi0,
546 2722 585 2765 ac
607 2724 666 2785 per
688 2723 805 2766 omnes
829 2701 985 2765 ecclesias
1008 2703 1168 2766 dilatatae
1191 2713 1278 2779 sunt,
1300 2705 1347 2766 ita
1367 2711 1403 2765 ut
1427 2703 1555 2766 nullum

398 2807 599 2889 vestigium⁵
621 2806 846 2869 translationis
867 2807 1034 2888 antiquae,
1048 2806 1173 2870 scilicet
1188 2822 1231 2886 70
1247 2807 1474 2889 interpretum,
1489 2827 1556 2888 qua

399 2911 489 2994 prius
512 2931 572 2973 usa
595 2911 656 2974 suit
680 2910 840 2985 Ecclesia,
863 2909 973 2973 valeat
995 2910 1136 2993 reperiri.
1196 2911 1287 2974 Dum
1310 2911 1411 2973 etiam
1434 2910 1555 2973 beatis-

399 3015 503 3078 simus
520 3015 611 3097 Papa
627 3013 805 3096 Gregorius
821 3014 1019 3076 auctoritate
1035 3012 1168 3075 functus
1183 3013 1258 3076 est⁶
1279 3013 1371 3076 libris
1391 3013 1463 3093 ejus
1487 3035 1554 3076 non

399 3118 462 3181 fuit
492 3117 757 3195 contradictum3
796 3117 854 3179 sed
893 3125 971 3199 post
1009 3127 1151 3179 mortem
1189 3116 1308 3180 famosi
1338 3116 1372 3180 in
1403 3117 1555 3181 Ecclesia

398 3229 540 3302 egerunt
554 3218 596 3282 ad
613 3220 676 3282 hoc
692 3229 729 3282 ut
745 3218 1048 3294 comburerentur⁷,
1063 3228 1096 3282 et
1113 3241 1171 3302 per
1187 3219 1382 3282 miraculum
1400 3219 1464 3282 Dei
1482 3220 1555 3303 pul-

399 3323 597 3386 cherrimum
615 3322 748 3385 luerunt
763 3321 889 3398 salvati,
908 3331 942 3385 et
965 3322 1120 3405 apparuit
1143 3321 1270 3384 mundo
1293 3322 1456 3404 sapientia
1477 3343 1554 3385 curn

399 3426 491 3488 suavi
515 3425 654 3487 veritate
684 3435 718 3488 et
749 3424 927 3488 devotione
957 3424 1158 3506 plenissima.
1228 3424 1275 3486 Et
1301 3423 1555 3493 similitercon-

398 3529 499 3591 currit
514 3527 793 3611 impedimentum
815 3527 964 3589 veritatis
987 3526 1077 3609 apud
1100 3547 1217 3590 omnes
1240 3547 1352 3589 sacrae
1374 3528 1555 3611 scripturae

399 3634 560 3696 doctores
607 3632 695 3694 Nam
712 3639 913 3694 renovantes
932 3631 1081 3694 studium
1105 3650 1237 3713 semper
1259 3640 1455 3713 receperunt
1477 3652 1556 3695 con-

399 3733 631 3798 tradictionem
655 3743 688 3797 et
710 3733 961 3816 impedimenta,
983 3743 1017 3797 et
1039 3743 1152 3797 tamen
1174 3733 1296 3797 veritas
1320 3733 1492 3798 invalescit
1522 3744 1556 3798 et

399 3838 577 3902 invalescet
594 3858 698 3920 usque
714 3837 756 3900 ad
774 3837 845 3900 dies
862 3837 1067 3902 Antichristi.

442 3942 602 4009 Similiter
631 3942 674 4005 de
704 3940 923 4024 philosophia.
987 3939 1186 4004 Aristoteles
1215 3941 1303 4004 enim
1333 3942 1438 4005 voluit
1467 3963 1556 4006 com·

398 4044 509 4130 plere8
530 4046 653 4128 scripta
669 4045 814 4127 priorum
831 4053 865 4107 et
884 4044 991 4106 multa
1006 4065 1174 4120 renovare,
1188 4047 1245 4128 qui
1261 4045 1337 4108 licet
1353 4047 1555 4129 sapientissi-

399 4170 474 4212 mus
493 4147 625 4224 homo⁹,
644 4156 757 4210 tamen
776 4146 942 4229 repulsam
959 4156 993 4210 et
1010 4147 1249 4211 occultationes
1270 4168 1349 4211 suae
1371 4149 1556 4232 sapientiae

396 4254 487 4318 visus
502 4260 552 4314 est
569 4272 674 4333 usque
690 4251 757 4313 fere
772 4250 815 4312 ad
832 4250 915 4314 hacc
931 4261 1084 4334 tempora
1099 4251 1270 4335 recepisse.
1317 4251 1405 4316 Nam
1429 4253 1556 4335 primus

430 4370 439 4402 ¹
455 4371 478 4435 J.
494 4372 537 4434 O.,
550 4379 659 4436 recepta.
693 4370 737 4431 V.,
751 4377 856 4434 reperta.
1017 4367 1029 4400 ²
1043 4370 1078 4434 J.,
1091 4372 1277 4435 reputabantur.
1313 4371 1355 4432 V.,
1369 4372 1554 4436 reputabamur.

427 4451 478 4517 ⁸J.
493 4453 537 4516 O.,
550 4454 694 4518 scripturae.
730 4452 773 4512 V.,
787 4451 890 4502 Bibliae.
1014 4449 1065 4517 ⁴J.
1080 4452 1124 4515 O.,
1137 4469 1291 4517 promovere.
1467 4515 1471 4523 .

428 4533 438 4565 ⁶
452 4535 477 4599 J.
491 4535 534 4596 O.,
547 4533 678 4599 vestigium
691 4534 859 4583 translationis
871 4533 997 4598 antiquae.
1040 4534 1072 4584 V.
1085 4535 1160 4583 omits
1172 4533 1340 4584 translationis
1351 4535 1476 4600 antiquae.

427 4614 438 4648 ⁶
453 4617 476 4680 J.
490 4615 564 4666 omits
576 4622 619 4666 est.
650 4615 682 4665 O.
695 4616 737 4676 V.,
752 4614 850 4665 functus
861 4623 905 4665 est.
1015 4612 1026 4646 ⁷
1040 4614 1076 4678 J.,
1086 4617 1296 4666 comburerentur.
1315 4615 1358 4677 V.,
1368 4617 1552 4668 comburentur.

427 4695 439 4733 Β
451 4697 476 4766 J.
490 4698 533 4761 O.,
546 4696 715 4750 contradicere
725 4696 856 4762 prioribus.
892 4697 923 4747 V.
928 4733 936 4758 ,
948 4697 1074 4762 complere
1084 4697 1175 4762 scripta
1186 4698 1304 4762 priorum.
1337 4695 1348 4728 ⁹
1360 4697 1391 4750 0.
1402 4715 1452 4749 om.
1464 4699 1551 4751 homo.
