<?xml version="1.0" encoding="UTF-8"?>
<!DOCTYPE html PUBLIC "-//W3C//DTD XHTML 1.0 Transitional//EN"
    "http://www.w3.org/TR/xhtml1/DTD/xhtml1-transitional.dtd">
<html xmlns="http://www.w3.org/1999/xhtml" xml:lang="en" lang="en">
 <head>
  <title>
</title>
<meta http-equiv="Content-Type" content="text/html;charset=utf-8" />
  <meta name='ocr-system' content='tesseract 3.04.00' />
  <meta name='ocr-capabilities' content='ocr_page ocr_carea ocr_par ocr_line ocrx_word'/>
</head>
<body>
  <div class='ocr_page' id='page_1' title='image "./opusmajusrogerb03bridgoog/opusmajusrogerb03bridgoog_0025.png"; bbox 0 0 3559 5442; ppageno 0'>
   <div class='ocr_carea' id='block_1_1' title="bbox 309 669 1340 760">
    <p class='ocr_par' dir='ltr' id='par_1_1' title="bbox 309 669 1340 760">
     <span class='ocr_line' id='line_1_1' title="bbox 309 669 1340 760; baseline 0.004 -30"><span class='ocrx_word' id='word_1_1' title='bbox 309 757 311 760; x_wconf 22' lang='grc' dir='ltr'>Ι</span> <span class='ocrx_word' id='word_1_2' title='bbox 412 673 449 758; x_wconf 63' lang='grc' dir='ltr'>ιβ</span> <span class='ocrx_word' id='word_1_3' title='bbox 642 670 808 732; x_wconf 87' lang='lat' dir='ltr'><em>OPERIS</em></span> <span class='ocrx_word' id='word_1_4' title='bbox 826 671 895 730; x_wconf 82' lang='grc' dir='ltr'>ΜΛ</span> <span class='ocrx_word' id='word_1_5' title='bbox 889 670 1026 750; x_wconf 82' lang='lat' dir='ltr'><em>JORIS</em></span> <span class='ocrx_word' id='word_1_6' title='bbox 1042 669 1163 730; x_wconf 82' lang='lat' dir='ltr'><em>PARS</em></span> <span class='ocrx_word' id='word_1_7' title='bbox 1179 673 1340 734; x_wconf 82' lang='lat' dir='ltr'><em>PRIMA.</em></span> 
     </span>
    </p>
   </div>
   <div class='ocr_carea' id='block_1_2' title="bbox 364 831 1625 2370">
    <p class='ocr_par' dir='ltr' id='par_1_2' title="bbox 364 831 1625 2370">
     <span class='ocr_line' id='line_1_2' title="bbox 408 831 1564 917; baseline 0.001 -21"><span class='ocrx_word' id='word_1_8' title='bbox 408 833 597 916; x_wconf 89' lang='lat' dir='ltr'>sapientum</span> <span class='ocrx_word' id='word_1_9' title='bbox 606 831 619 871; x_wconf 67' lang='lat'>²</span> <span class='ocrx_word' id='word_1_10' title='bbox 634 834 724 916; x_wconf 90' lang='lat' dir='ltr'>quod</span> <span class='ocrx_word' id='word_1_11' title='bbox 740 833 839 916; x_wconf 86' lang='lat' dir='ltr'>longe</span> <span class='ocrx_word' id='word_1_12' title='bbox 856 833 963 915; x_wconf 90' lang='lat' dir='ltr'>magis</span> <span class='ocrx_word' id='word_1_13' title='bbox 978 833 1127 915; x_wconf 89' lang='lat' dir='ltr'>sequitur</span> <span class='ocrx_word' id='word_1_14' title='bbox 1139 833 1331 917; x_wconf 90' lang='lat' dir='ltr'>oppositum</span> <span class='ocrx_word' id='word_1_15' title='bbox 1343 833 1564 897; x_wconf 83' lang='lat' dir='ltr'>conclusionis</span> 
     </span>
     <span class='ocr_line' id='line_1_3' title="bbox 409 937 1565 1020; baseline 0 -20"><span class='ocrx_word' id='word_1_16' title='bbox 409 959 453 1000; x_wconf 87' lang='lat' dir='ltr'>ex</span> <span class='ocrx_word' id='word_1_17' title='bbox 469 938 594 1002; x_wconf 89' lang='lat' dir='ltr'>eisdem</span> <span class='ocrx_word' id='word_1_18' title='bbox 611 938 808 1020; x_wconf 83' lang='lat' dir='ltr'>praemissis.</span> <span class='ocrx_word' id='word_1_19' title='bbox 854 938 900 1000; x_wconf 89' lang='lat' dir='ltr'>Et</span> <span class='ocrx_word' id='word_1_20' title='bbox 916 937 992 999; x_wconf 86' lang='lat' dir='ltr'>licet</span> <span class='ocrx_word' id='word_1_21' title='bbox 1015 946 1106 1000; x_wconf 88' lang='lat' dir='ltr'>totus</span> <span class='ocrx_word' id='word_1_22' title='bbox 1129 937 1274 1002; x_wconf 91' lang='lat' dir='ltr'>mundus</span> <span class='ocrx_word' id='word_1_23' title='bbox 1297 937 1361 1001; x_wconf 75' lang='lat' dir='ltr'>sit²</span> <span class='ocrx_word' id='word_1_24' title='bbox 1382 939 1434 1001; x_wconf 92' lang='lat' dir='ltr'>his</span> <span class='ocrx_word' id='word_1_25' title='bbox 1456 939 1565 1001; x_wconf 90' lang='lat' dir='ltr'>causis</span> 
     </span>
     <span class='ocr_line' id='line_1_4' title="bbox 409 1040 1564 1124; baseline 0 -20"><span class='ocrx_word' id='word_1_26' title='bbox 409 1042 548 1105; x_wconf 80' lang='lat' dir='ltr'>erroris⁸</span> <span class='ocrx_word' id='word_1_27' title='bbox 571 1051 762 1124; x_wconf 72' lang='lat' dir='ltr'>occupatus</span> <span class='ocrx_word' id='word_1_28' title='bbox 787 1051 900 1104; x_wconf 89' lang='lat' dir='ltr'>tamen</span> <span class='ocrx_word' id='word_1_29' title='bbox 930 1041 1106 1105; x_wconf 86' lang='lat' dir='ltr'>audiamus</span> <span class='ocrx_word' id='word_1_30' title='bbox 1133 1040 1274 1104; x_wconf 74' lang='lat' dir='ltr'><strong>libenter</strong></span> <span class='ocrx_word' id='word_1_31' title='bbox 1299 1043 1464 1105; x_wconf 87' lang='lat' dir='ltr'>contraria</span> <span class='ocrx_word' id='word_1_32' title='bbox 1486 1063 1564 1105; x_wconf 91' lang='lat' dir='ltr'>con-</span> 
     </span>
     <span class='ocr_line' id='line_1_5' title="bbox 408 1145 1563 1227; baseline 0.001 -20"><span class='ocrx_word' id='word_1_33' title='bbox 408 1145 575 1208; x_wconf 86' lang='lat' dir='ltr'>suetudini</span> <span class='ocrx_word' id='word_1_34' title='bbox 591 1145 755 1227; x_wconf 76' lang='lat' dir='ltr'>vulgatae.</span> <span class='ocrx_word' id='word_1_35' title='bbox 803 1145 892 1208; x_wconf 90' lang='lat' dir='ltr'>Nam</span> <span class='ocrx_word' id='word_1_36' title='bbox 908 1145 972 1207; x_wconf 93' lang='lat' dir='ltr'>hoc</span> <span class='ocrx_word' id='word_1_37' title='bbox 987 1154 1038 1208; x_wconf 90' lang='lat' dir='ltr'>est</span> <span class='ocrx_word' id='word_1_38' title='bbox 1053 1166 1214 1227; x_wconf 89' lang='lat' dir='ltr'>magnum</span> <span class='ocrx_word' id='word_1_39' title='bbox 1237 1147 1421 1209; x_wconf 89' lang='lat' dir='ltr'>remedium</span> <span class='ocrx_word' id='word_1_40' title='bbox 1444 1147 1563 1208; x_wconf 89' lang='lat' dir='ltr'>horum</span> 
     </span>
     <span class='ocr_line' id='line_1_6' title="bbox 409 1249 1564 1332; baseline 0 -20"><span class='ocrx_word' id='word_1_41' title='bbox 409 1250 581 1327; x_wconf 88' lang='lat' dir='ltr'>malorum,</span> <span class='ocrx_word' id='word_1_42' title='bbox 597 1250 779 1312; x_wconf 90' lang='lat' dir='ltr'>secundum</span> <span class='ocrx_word' id='word_1_43' title='bbox 796 1249 886 1332; x_wconf 92' lang='lat' dir='ltr'>quod</span> <span class='ocrx_word' id='word_1_44' title='bbox 903 1249 1068 1312; x_wconf 84' lang='lat' dir='ltr'>Averroes</span> <span class='ocrx_word' id='word_1_45' title='bbox 1091 1249 1171 1313; x_wconf 92' lang='lat' dir='ltr'>dicit</span> <span class='ocrx_word' id='word_1_46' title='bbox 1190 1250 1224 1312; x_wconf 95' lang='lat' dir='ltr'>in</span> <span class='ocrx_word' id='word_1_47' title='bbox 1240 1249 1305 1312; x_wconf 89' lang='lat' dir='ltr'>fine</span> <span class='ocrx_word' id='word_1_48' title='bbox 1321 1250 1458 1312; x_wconf 89' lang='lat' dir='ltr'>secundi</span> <span class='ocrx_word' id='word_1_49' title='bbox 1476 1250 1564 1331; x_wconf 92' lang='lat' dir='ltr'>Phy-</span> 
     </span>
     <span class='ocr_line' id='line_1_7' title="bbox 408 1351 1565 1436; baseline -0.001 -20"><span class='ocrx_word' id='word_1_50' title='bbox 408 1354 559 1431; x_wconf 89' lang='lat' dir='ltr'>sicorum,</span> <span class='ocrx_word' id='word_1_51' title='bbox 575 1353 665 1436; x_wconf 93' lang='lat' dir='ltr'>quod</span> <span class='ocrx_word' id='word_1_52' title='bbox 682 1353 770 1417; x_wconf 89' lang='lat' dir='ltr'>mala</span> <span class='ocrx_word' id='word_1_53' title='bbox 785 1352 992 1416; x_wconf 82' lang='lat' dir='ltr'>consuetudo</span> <span class='ocrx_word' id='word_1_54' title='bbox 1007 1351 1126 1415; x_wconf 89' lang='lat' dir='ltr'>auferri</span> <span class='ocrx_word' id='word_1_55' title='bbox 1147 1362 1258 1436; x_wconf 87' lang='lat' dir='ltr'>potest</span> <span class='ocrx_word' id='word_1_56' title='bbox 1279 1375 1337 1436; x_wconf 89' lang='lat' dir='ltr'>per</span> <span class='ocrx_word' id='word_1_57' title='bbox 1351 1353 1565 1417; x_wconf 87' lang='lat' dir='ltr'>consuetudi-</span> 
     </span>
     <span class='ocr_line' id='line_1_8' title="bbox 408 1457 1566 1540; baseline -0.002 -20"><span class='ocrx_word' id='word_1_58' title='bbox 408 1477 486 1520; x_wconf 89' lang='lat' dir='ltr'>nem</span> <span class='ocrx_word' id='word_1_59' title='bbox 504 1457 666 1520; x_wconf 66' lang='lat' dir='ltr'>&#39;audiendi</span> <span class='ocrx_word' id='word_1_60' title='bbox 682 1457 853 1520; x_wconf 90' lang='lat' dir='ltr'>contraria.</span> <span class='ocrx_word' id='word_1_61' title='bbox 900 1457 988 1519; x_wconf 93' lang='lat' dir='ltr'>Nam</span> <span class='ocrx_word' id='word_1_62' title='bbox 1013 1457 1155 1520; x_wconf 88' lang='lat' dir='ltr'>multum</span> <span class='ocrx_word' id='word_1_63' title='bbox 1176 1468 1332 1540; x_wconf 88' lang='lat' dir='ltr'>operatur</span> <span class='ocrx_word' id='word_1_64' title='bbox 1347 1458 1381 1521; x_wconf 93' lang='lat' dir='ltr'>in</span> <span class='ocrx_word' id='word_1_65' title='bbox 1397 1458 1566 1540; x_wconf 91' lang='lat' dir='ltr'>opinione,</span> 
     </span>
     <span class='ocr_line' id='line_1_9' title="bbox 408 1559 1564 1644; baseline 0 -21"><span class='ocrx_word' id='word_1_66' title='bbox 408 1581 493 1643; x_wconf 91' lang='lat' dir='ltr'>quae</span> <span class='ocrx_word' id='word_1_67' title='bbox 516 1570 566 1624; x_wconf 89' lang='lat' dir='ltr'>est</span> <span class='ocrx_word' id='word_1_68' title='bbox 589 1581 648 1644; x_wconf 90' lang='lat' dir='ltr'>per</span> <span class='ocrx_word' id='word_1_69' title='bbox 669 1559 943 1624; x_wconf 86' lang='lat' dir='ltr'>consuetudinem</span> <span class='ocrx_word' id='word_1_70' title='bbox 967 1561 1082 1623; x_wconf 88' lang='lat' dir='ltr'>audire</span> <span class='ocrx_word' id='word_1_71' title='bbox 1103 1581 1155 1623; x_wconf 88' lang='lat' dir='ltr'>res</span> <span class='ocrx_word' id='word_1_72' title='bbox 1177 1570 1365 1637; x_wconf 84' lang='lat' dir='ltr'>extraneas,</span> <span class='ocrx_word' id='word_1_73' title='bbox 1379 1561 1470 1642; x_wconf 92' lang='lat' dir='ltr'>quod</span> <span class='ocrx_word' id='word_1_74' title='bbox 1486 1581 1564 1625; x_wconf 93' lang='lat' dir='ltr'>con-</span> 
     </span>
     <span class='ocr_line' id='line_1_10' title="bbox 408 1663 1565 1747; baseline -0.001 -20"><span class='ocrx_word' id='word_1_75' title='bbox 408 1663 520 1728; x_wconf 84' lang='lat' dir='ltr'>firmat</span> <span class='ocrx_word' id='word_1_76' title='bbox 534 1685 593 1746; x_wconf 92' lang='lat' dir='ltr'>per</span> <span class='ocrx_word' id='word_1_77' title='bbox 608 1663 773 1740; x_wconf 87' lang='lat' dir='ltr'>eflectum,</span> <span class='ocrx_word' id='word_1_78' title='bbox 789 1663 911 1739; x_wconf 69' lang='lat' dir='ltr'>dicens</span> <span class='ocrx_word' id='word_1_79' title='bbox 926 1664 1017 1746; x_wconf 91' lang='lat' dir='ltr'>quod</span> <span class='ocrx_word' id='word_1_80' title='bbox 1040 1665 1116 1726; x_wconf 90' lang='lat' dir='ltr'>ideo</span> <span class='ocrx_word' id='word_1_81' title='bbox 1139 1665 1252 1747; x_wconf 90' lang='lat' dir='ltr'>opinio</span> <span class='ocrx_word' id='word_1_82' title='bbox 1274 1665 1366 1746; x_wconf 87' lang='lat' dir='ltr'>vulgi</span> <span class='ocrx_word' id='word_1_83' title='bbox 1382 1674 1433 1728; x_wconf 89' lang='lat' dir='ltr'>est</span> <span class='ocrx_word' id='word_1_84' title='bbox 1449 1664 1565 1728; x_wconf 89' lang='lat' dir='ltr'>sortior</span> 
     </span>
     <span class='ocr_line' id='line_1_11' title="bbox 406 1767 1565 1850; baseline 0 -20"><span class='ocrx_word' id='word_1_85' title='bbox 406 1789 509 1850; x_wconf 91' lang='lat' dir='ltr'>quam</span> <span class='ocrx_word' id='word_1_86' title='bbox 526 1767 607 1831; x_wconf 88' lang='lat' dir='ltr'>fides</span> <span class='ocrx_word' id='word_1_87' title='bbox 623 1767 939 1850; x_wconf 89' lang='lat' dir='ltr'>philosophantium,</span> <span class='ocrx_word' id='word_1_88' title='bbox 952 1768 1030 1849; x_wconf 90' lang='lat' dir='ltr'>quia</span> <span class='ocrx_word' id='word_1_89' title='bbox 1045 1768 1164 1850; x_wconf 89' lang='lat' dir='ltr'>vulgus</span> <span class='ocrx_word' id='word_1_90' title='bbox 1180 1789 1246 1831; x_wconf 92' lang='lat' dir='ltr'>non</span> <span class='ocrx_word' id='word_1_91' title='bbox 1262 1769 1434 1831; x_wconf 88' lang='lat' dir='ltr'>consuevit</span> <span class='ocrx_word' id='word_1_92' title='bbox 1449 1767 1565 1830; x_wconf 90' lang='lat' dir='ltr'>audire</span> 
     </span>
     <span class='ocr_line' id='line_1_12' title="bbox 408 1869 1625 1954; baseline 0 -20"><span class='ocrx_word' id='word_1_93' title='bbox 408 1871 545 1948; x_wconf 88' lang='lat' dir='ltr'>diversa,</span> <span class='ocrx_word' id='word_1_94' title='bbox 575 1871 634 1934; x_wconf 89' lang='lat' dir='ltr'>sed</span> <span class='ocrx_word' id='word_1_95' title='bbox 666 1870 938 1954; x_wconf 87' lang='lat' dir='ltr'>philosophantes</span> <span class='ocrx_word' id='word_1_96' title='bbox 962 1869 1067 1933; x_wconf 88' lang='lat' dir='ltr'>multa</span> <span class='ocrx_word' id='word_1_97' title='bbox 1097 1871 1245 1935; x_wconf 81' lang='lat' dir='ltr'>audiunt</span> <span class='ocrx_word' id='word_1_98' title='bbox 1313 1872 1450 1953; x_wconf 88' lang='lat' dir='ltr'>Propter</span> <span class='ocrx_word' id='word_1_99' title='bbox 1472 1871 1563 1953; x_wconf 92' lang='lat' dir='ltr'>quod</span> <span class='ocrx_word' id='word_1_100' title='bbox 1622 1898 1625 1903; x_wconf 91' lang='lat'>·</span> 
     </span>
     <span class='ocr_line' id='line_1_13' title="bbox 408 1975 1564 2058; baseline -0.001 -20"><span class='ocrx_word' id='word_1_101' title='bbox 408 1975 509 2056; x_wconf 87' lang='lat' dir='ltr'>igitur</span> <span class='ocrx_word' id='word_1_102' title='bbox 533 1975 654 2039; x_wconf 85' lang='lat' dir='ltr'>Vestra</span> <span class='ocrx_word' id='word_1_103' title='bbox 682 1975 854 2058; x_wconf 85' lang='lat' dir='ltr'>Sapientia</span> <span class='ocrx_word' id='word_1_104' title='bbox 888 1995 956 2036; x_wconf 94' lang='lat' dir='ltr'>non</span> <span class='ocrx_word' id='word_1_105' title='bbox 987 1975 1131 2050; x_wconf 89' lang='lat' dir='ltr'>miretur,</span> <span class='ocrx_word' id='word_1_106' title='bbox 1164 1995 1225 2038; x_wconf 93' lang='lat' dir='ltr'>nec</span> <span class='ocrx_word' id='word_1_107' title='bbox 1253 1975 1447 2056; x_wconf 85' lang='lat' dir='ltr'>indignetur</span> <span class='ocrx_word' id='word_1_108' title='bbox 1472 1975 1564 2038; x_wconf 87' lang='lat' dir='ltr'>Auc-</span> 
     </span>
     <span class='ocr_line' id='line_1_14' title="bbox 407 2079 1565 2163; baseline 0 -21"><span class='ocrx_word' id='word_1_109' title='bbox 407 2080 533 2156; x_wconf 66' lang='lat' dir='ltr'>toritas</span> <span class='ocrx_word' id='word_1_110' title='bbox 559 2081 585 2143; x_wconf 93' lang='lat' dir='ltr'>si</span> <span class='ocrx_word' id='word_1_111' title='bbox 613 2090 729 2143; x_wconf 90' lang='lat' dir='ltr'>contra</span> <span class='ocrx_word' id='word_1_112' title='bbox 756 2080 1032 2143; x_wconf 86' lang='lat' dir='ltr'>consuetudinem</span> <span class='ocrx_word' id='word_1_113' title='bbox 1059 2079 1150 2162; x_wconf 89' lang='lat' dir='ltr'>vulgi</span> <span class='ocrx_word' id='word_1_114' title='bbox 1180 2090 1214 2142; x_wconf 93' lang='lat' dir='ltr'>et</span> <span class='ocrx_word' id='word_1_115' title='bbox 1244 2080 1402 2163; x_wconf 88' lang='lat' dir='ltr'>exempla</span> <span class='ocrx_word' id='word_1_116' title='bbox 1427 2080 1565 2161; x_wconf 89' lang='lat' dir='ltr'>vulgata</span> 
     </span>
     <span class='ocr_line' id='line_1_15' title="bbox 407 2183 1564 2266; baseline 0 -20"><span class='ocrx_word' id='word_1_117' title='bbox 407 2183 562 2246; x_wconf 75' lang='lat' dir='ltr'>laborem,</span> <span class='ocrx_word' id='word_1_118' title='bbox 609 2184 697 2246; x_wconf 90' lang='lat' dir='ltr'>Nam</span> <span class='ocrx_word' id='word_1_119' title='bbox 724 2183 805 2246; x_wconf 91' lang='lat' dir='ltr'>haec</span> <span class='ocrx_word' id='word_1_120' title='bbox 829 2193 880 2246; x_wconf 87' lang='lat' dir='ltr'>est</span> <span class='ocrx_word' id='word_1_121' title='bbox 902 2184 957 2246; x_wconf 90' lang='lat' dir='ltr'>via</span> <span class='ocrx_word' id='word_1_122' title='bbox 979 2184 1050 2246; x_wconf 91' lang='lat' dir='ltr'>sola</span> <span class='ocrx_word' id='word_1_123' title='bbox 1072 2183 1287 2266; x_wconf 90' lang='lat' dir='ltr'>perveniendi</span> <span class='ocrx_word' id='word_1_124' title='bbox 1310 2184 1353 2247; x_wconf 91' lang='lat' dir='ltr'>ad</span> <span class='ocrx_word' id='word_1_125' title='bbox 1376 2183 1564 2247; x_wconf 88' lang='lat' dir='ltr'>considera-</span> 
     </span>
     <span class='ocr_line' id='line_1_16' title="bbox 364 2287 978 2370; baseline 0.002 -20"><span class='ocrx_word' id='word_1_126' title='bbox 364 2357 370 2370; x_wconf 47' lang='lat'>,</span> <span class='ocrx_word' id='word_1_127' title='bbox 406 2287 531 2351; x_wconf 91' lang='lat' dir='ltr'>tionem</span> <span class='ocrx_word' id='word_1_128' title='bbox 547 2287 694 2350; x_wconf 87' lang='lat' dir='ltr'>veritatis</span> <span class='ocrx_word' id='word_1_129' title='bbox 710 2296 743 2350; x_wconf 90' lang='lat' dir='ltr'>et</span> <span class='ocrx_word' id='word_1_130' title='bbox 759 2287 978 2370; x_wconf 82' lang='lat' dir='ltr'>perfectionis.</span> 
     </span>
    </p>
   </div>
   <div class='ocr_carea' id='block_1_3' title="bbox 827 2539 1136 2605">
    <p class='ocr_par' dir='ltr' id='par_1_3' title="bbox 827 2539 1136 2605">
     <span class='ocr_line' id='line_1_17' title="bbox 827 2539 1136 2605; baseline -0.003 -1"><span class='ocrx_word' id='word_1_131' title='bbox 827 2539 1051 2605; x_wconf 62' lang='lat' dir='ltr'>Carnorum</span> <span class='ocrx_word' id='word_1_132' title='bbox 1077 2539 1136 2603; x_wconf 89' lang='lat' dir='ltr'>IX.</span> 
     </span>
    </p>
   </div>
   <div class='ocr_carea' id='block_1_4' title="bbox 405 2706 1567 4452">
    <p class='ocr_par' dir='ltr' id='par_1_4' title="bbox 405 2706 1567 4452">
     <span class='ocr_line' id='line_1_18' title="bbox 452 2706 1563 2792; baseline -0.005 -18"><span class='ocrx_word' id='word_1_133' title='bbox 452 2711 529 2774; x_wconf 94' lang='lat' dir='ltr'>Non</span> <span class='ocrx_word' id='word_1_134' title='bbox 546 2708 652 2773; x_wconf 90' lang='lat' dir='ltr'>solum</span> <span class='ocrx_word' id='word_1_135' title='bbox 669 2709 805 2792; x_wconf 92' lang='lat' dir='ltr'>quidem</span> <span class='ocrx_word' id='word_1_136' title='bbox 829 2709 911 2772; x_wconf 78' lang='lat' dir='ltr'>eae⁴</span> <span class='ocrx_word' id='word_1_137' title='bbox 932 2727 1053 2772; x_wconf 87' lang='lat' dir='ltr'>causae</span> <span class='ocrx_word' id='word_1_138' title='bbox 1067 2708 1238 2792; x_wconf 88' lang='lat' dir='ltr'>generales</span> <span class='ocrx_word' id='word_1_139' title='bbox 1255 2717 1333 2771; x_wconf 92' lang='lat' dir='ltr'>sunt</span> <span class='ocrx_word' id='word_1_140' title='bbox 1349 2706 1511 2770; x_wconf 89' lang='lat' dir='ltr'>malorum</span> <span class='ocrx_word' id='word_1_141' title='bbox 1529 2707 1563 2770; x_wconf 93' lang='lat' dir='ltr'>in</span> 
     </span>
     <span class='ocr_line' id='line_1_19' title="bbox 405 2811 1565 2896; baseline -0.005 -18"><span class='ocrx_word' id='word_1_142' title='bbox 405 2815 519 2880; x_wconf 87' lang='lat' dir='ltr'>studio</span> <span class='ocrx_word' id='word_1_143' title='bbox 542 2823 575 2877; x_wconf 91' lang='lat' dir='ltr'>et</span> <span class='ocrx_word' id='word_1_144' title='bbox 598 2814 631 2876; x_wconf 92' lang='lat' dir='ltr'>in</span> <span class='ocrx_word' id='word_1_145' title='bbox 653 2813 730 2889; x_wconf 88' lang='lat' dir='ltr'>vita,</span> <span class='ocrx_word' id='word_1_146' title='bbox 753 2811 812 2875; x_wconf 91' lang='lat' dir='ltr'>sed</span> <span class='ocrx_word' id='word_1_147' title='bbox 836 2822 955 2894; x_wconf 88' lang='lat' dir='ltr'>quarta</span> <span class='ocrx_word' id='word_1_148' title='bbox 977 2811 1117 2896; x_wconf 90' lang='lat' dir='ltr'>nequior</span> <span class='ocrx_word' id='word_1_149' title='bbox 1138 2813 1190 2876; x_wconf 90' lang='lat' dir='ltr'>his</span> <span class='ocrx_word' id='word_1_150' title='bbox 1212 2813 1319 2876; x_wconf 91' lang='lat' dir='ltr'>tribus</span> <span class='ocrx_word' id='word_1_151' title='bbox 1341 2820 1392 2874; x_wconf 90' lang='lat' dir='ltr'>est</span> <span class='ocrx_word' id='word_1_152' title='bbox 1414 2811 1565 2874; x_wconf 87' lang='lat' dir='ltr'>similiter</span> 
     </span>
     <span class='ocr_line' id='line_1_20' title="bbox 407 2916 1563 3000; baseline -0.004 -18"><span class='ocrx_word' id='word_1_153' title='bbox 407 2919 594 2982; x_wconf 90' lang='lat' dir='ltr'>communis</span> <span class='ocrx_word' id='word_1_154' title='bbox 618 2918 651 2981; x_wconf 93' lang='lat' dir='ltr'>in</span> <span class='ocrx_word' id='word_1_155' title='bbox 677 2917 769 2980; x_wconf 89' lang='lat' dir='ltr'>omni</span> <span class='ocrx_word' id='word_1_156' title='bbox 792 2925 890 2993; x_wconf 89' lang='lat' dir='ltr'>statu,</span> <span class='ocrx_word' id='word_1_157' title='bbox 911 2926 945 2980; x_wconf 92' lang='lat' dir='ltr'>et</span> <span class='ocrx_word' id='word_1_158' title='bbox 969 2916 1059 3000; x_wconf 93' lang='lat' dir='ltr'>apud</span> <span class='ocrx_word' id='word_1_159' title='bbox 1083 2916 1268 2998; x_wconf 88' lang='lat' dir='ltr'>quamlibet</span> <span class='ocrx_word' id='word_1_160' title='bbox 1291 2934 1466 3000; x_wconf 87' lang='lat' dir='ltr'>personam</span> <span class='ocrx_word' id='word_1_161' title='bbox 1490 2935 1563 2997; x_wconf 86' lang='lat' dir='ltr'>reg·</span> 
     </span>
     <span class='ocr_line' id='line_1_21' title="bbox 407 3017 1563 3104; baseline -0.005 -18"><span class='ocrx_word' id='word_1_162' title='bbox 407 3044 487 3086; x_wconf 88' lang='lat' dir='ltr'>nare</span> <span class='ocrx_word' id='word_1_163' title='bbox 502 3022 757 3086; x_wconf 87' lang='lat' dir='ltr'>demonstratur.</span> <span class='ocrx_word' id='word_1_164' title='bbox 803 3021 976 3103; x_wconf 86' lang='lat' dir='ltr'>Conjunxi</span> <span class='ocrx_word' id='word_1_165' title='bbox 992 3020 1126 3103; x_wconf 92' lang='lat' dir='ltr'>quidem</span> <span class='ocrx_word' id='word_1_166' title='bbox 1145 3017 1332 3104; x_wconf 89' lang='lat' dir='ltr'>praedictas</span> <span class='ocrx_word' id='word_1_167' title='bbox 1354 3027 1420 3082; x_wconf 89' lang='lat' dir='ltr'>tres</span> <span class='ocrx_word' id='word_1_168' title='bbox 1445 3036 1563 3082; x_wconf 86' lang='lat' dir='ltr'>causas</span> 
     </span>
     <span class='ocr_line' id='line_1_22' title="bbox 408 3123 1563 3212; baseline -0.003 -22"><span class='ocrx_word' id='word_1_169' title='bbox 408 3135 543 3212; x_wconf 89' lang='lat' dir='ltr'>propter</span> <span class='ocrx_word' id='word_1_170' title='bbox 579 3125 642 3189; x_wconf 93' lang='lat' dir='ltr'>hoc</span> <span class='ocrx_word' id='word_1_171' title='bbox 680 3124 769 3207; x_wconf 94' lang='lat' dir='ltr'>quod</span> <span class='ocrx_word' id='word_1_172' title='bbox 807 3127 975 3208; x_wconf 87' lang='lat' dir='ltr'>sapientes</span> <span class='ocrx_word' id='word_1_173' title='bbox 1012 3145 1068 3187; x_wconf 91' lang='lat' dir='ltr'>eas</span> <span class='ocrx_word' id='word_1_174' title='bbox 1106 3125 1237 3208; x_wconf 89' lang='lat' dir='ltr'>saepius</span> <span class='ocrx_word' id='word_1_175' title='bbox 1275 3123 1492 3205; x_wconf 88' lang='lat' dir='ltr'>conjungunt,</span> <span class='ocrx_word' id='word_1_176' title='bbox 1529 3132 1563 3186; x_wconf 89' lang='lat' dir='ltr'>et</span> 
     </span>
     <span class='ocr_line' id='line_1_23' title="bbox 408 3227 1564 3315; baseline -0.004 -21"><span class='ocrx_word' id='word_1_177' title='bbox 408 3230 558 3315; x_wconf 89' lang='lat' dir='ltr'>separavi</span> <span class='ocrx_word' id='word_1_178' title='bbox 582 3230 668 3292; x_wconf 89' lang='lat' dir='ltr'>hanc</span> <span class='ocrx_word' id='word_1_179' title='bbox 690 3228 734 3290; x_wconf 89' lang='lat' dir='ltr'>ab</span> <span class='ocrx_word' id='word_1_180' title='bbox 756 3228 820 3291; x_wconf 90' lang='lat' dir='ltr'>illis</span> <span class='ocrx_word' id='word_1_181' title='bbox 843 3239 979 3312; x_wconf 88' lang='lat' dir='ltr'>propter</span> <span class='ocrx_word' id='word_1_182' title='bbox 1001 3227 1163 3292; x_wconf 90' lang='lat' dir='ltr'>malitiam</span> <span class='ocrx_word' id='word_1_183' title='bbox 1187 3227 1412 3311; x_wconf 90' lang='lat' dir='ltr'>principalem.</span> <span class='ocrx_word' id='word_1_184' title='bbox 1467 3227 1564 3290; x_wconf 91' lang='lat' dir='ltr'>Haec</span> 
     </span>
     <span class='ocr_line' id='line_1_24' title="bbox 409 3332 1562 3415; baseline -0.003 -17"><span class='ocrx_word' id='word_1_185' title='bbox 409 3337 497 3398; x_wconf 90' lang='lat' dir='ltr'>enim</span> <span class='ocrx_word' id='word_1_186' title='bbox 521 3344 571 3398; x_wconf 91' lang='lat' dir='ltr'>est</span> <span class='ocrx_word' id='word_1_187' title='bbox 601 3332 776 3415; x_wconf 91' lang='lat' dir='ltr'>singularis</span> <span class='ocrx_word' id='word_1_188' title='bbox 807 3332 884 3409; x_wconf 88' lang='lat' dir='ltr'>fera,</span> <span class='ocrx_word' id='word_1_189' title='bbox 910 3353 997 3414; x_wconf 90' lang='lat' dir='ltr'>quae</span> <span class='ocrx_word' id='word_1_190' title='bbox 1023 3333 1173 3415; x_wconf 90' lang='lat' dir='ltr'>depascit</span> <span class='ocrx_word' id='word_1_191' title='bbox 1198 3342 1233 3395; x_wconf 92' lang='lat' dir='ltr'>et</span> <span class='ocrx_word' id='word_1_192' title='bbox 1259 3332 1401 3395; x_wconf 88' lang='lat' dir='ltr'>destruit</span> <span class='ocrx_word' id='word_1_193' title='bbox 1427 3349 1562 3394; x_wconf 90' lang='lat' dir='ltr'>omnem</span> 
     </span>
     <span class='ocr_line' id='line_1_25' title="bbox 409 3435 1564 3519; baseline -0.004 -17"><span class='ocrx_word' id='word_1_194' title='bbox 409 3439 581 3513; x_wconf 91' lang='lat' dir='ltr'>rationem,</span> <span class='ocrx_word' id='word_1_195' title='bbox 611 3457 697 3519; x_wconf 92' lang='lat' dir='ltr'>quae</span> <span class='ocrx_word' id='word_1_196' title='bbox 727 3444 778 3499; x_wconf 89' lang='lat' dir='ltr'>est</span> <span class='ocrx_word' id='word_1_197' title='bbox 814 3435 1016 3500; x_wconf 88' lang='lat' dir='ltr'>desiderium</span> <span class='ocrx_word' id='word_1_198' title='bbox 1053 3437 1244 3518; x_wconf 89' lang='lat' dir='ltr'>apparentis</span> <span class='ocrx_word' id='word_1_199' title='bbox 1275 3435 1467 3518; x_wconf 89' lang='lat' dir='ltr'>sapientiae,</span> <span class='ocrx_word' id='word_1_200' title='bbox 1495 3455 1564 3517; x_wconf 91' lang='lat' dir='ltr'>quo</span> 
     </span>
     <span class='ocr_line' id='line_1_26' title="bbox 409 3539 1565 3622; baseline -0.005 -16"><span class='ocrx_word' id='word_1_201' title='bbox 409 3543 512 3606; x_wconf 85' lang='lat' dir='ltr'>fertur</span> <span class='ocrx_word' id='word_1_202' title='bbox 527 3539 636 3604; x_wconf 92' lang='lat' dir='ltr'>omnis</span> <span class='ocrx_word' id='word_1_203' title='bbox 651 3540 761 3604; x_wconf 90' lang='lat' dir='ltr'>homo.</span> <span class='ocrx_word' id='word_1_204' title='bbox 808 3539 896 3602; x_wconf 91' lang='lat' dir='ltr'>Nam</span> <span class='ocrx_word' id='word_1_205' title='bbox 913 3549 1210 3622; x_wconf 88' lang='lat' dir='ltr'>quantumcunque</span> <span class='ocrx_word' id='word_1_206' title='bbox 1228 3560 1345 3622; x_wconf 86' lang='lat' dir='ltr'>parum</span> <span class='ocrx_word' id='word_1_207' title='bbox 1362 3539 1515 3616; x_wconf 90' lang='lat' dir='ltr'>sciamus,</span> <span class='ocrx_word' id='word_1_208' title='bbox 1530 3548 1565 3601; x_wconf 92' lang='lat' dir='ltr'>et</span> 
     </span>
     <span class='ocr_line' id='line_1_27' title="bbox 409 3642 1565 3724; baseline -0.003 -15"><span class='ocrx_word' id='word_1_209' title='bbox 409 3647 485 3710; x_wconf 91' lang='lat' dir='ltr'>licet</span> <span class='ocrx_word' id='word_1_210' title='bbox 508 3645 581 3720; x_wconf 89' lang='lat' dir='ltr'>vile,</span> <span class='ocrx_word' id='word_1_211' title='bbox 605 3642 686 3707; x_wconf 94' lang='lat' dir='ltr'>illud</span> <span class='ocrx_word' id='word_1_212' title='bbox 709 3652 823 3706; x_wconf 89' lang='lat' dir='ltr'>tamen</span> <span class='ocrx_word' id='word_1_213' title='bbox 849 3643 1065 3724; x_wconf 86' lang='lat' dir='ltr'>extollimus;</span> <span class='ocrx_word' id='word_1_214' title='bbox 1097 3643 1303 3706; x_wconf 89' lang='lat' dir='ltr'>celebramus</span> <span class='ocrx_word' id='word_1_215' title='bbox 1326 3643 1427 3706; x_wconf 91' lang='lat' dir='ltr'>etiam</span> <span class='ocrx_word' id='word_1_216' title='bbox 1458 3642 1565 3705; x_wconf 90' lang='lat' dir='ltr'>multa</span> 
     </span>
     <span class='ocr_line' id='line_1_28' title="bbox 410 3747 1566 3833; baseline -0.003 -21"><span class='ocrx_word' id='word_1_217' title='bbox 410 3770 496 3833; x_wconf 92' lang='lat' dir='ltr'>quae</span> <span class='ocrx_word' id='word_1_218' title='bbox 511 3749 712 3832; x_wconf 71' lang='lat' dir='ltr'>ignoramus</span> <span class='ocrx_word' id='word_1_219' title='bbox 728 3748 783 3810; x_wconf 92' lang='lat' dir='ltr'>ubi</span> <span class='ocrx_word' id='word_1_220' title='bbox 800 3768 979 3830; x_wconf 90' lang='lat' dir='ltr'>possumus</span> <span class='ocrx_word' id='word_1_221' title='bbox 995 3747 1161 3811; x_wconf 89' lang='lat' dir='ltr'>occultare</span> <span class='ocrx_word' id='word_1_222' title='bbox 1177 3747 1409 3829; x_wconf 89' lang='lat' dir='ltr'>ignorantiam,</span> <span class='ocrx_word' id='word_1_223' title='bbox 1424 3747 1566 3809; x_wconf 88' lang='lat' dir='ltr'>scienter</span> 
     </span>
     <span class='ocr_line' id='line_1_29' title="bbox 410 3850 1567 3934; baseline -0.005 -17"><span class='ocrx_word' id='word_1_224' title='bbox 410 3853 628 3927; x_wconf 71' lang='lat' dir='ltr'>ostendimus</span> <span class='ocrx_word' id='word_1_225' title='bbox 652 3861 688 3914; x_wconf 91' lang='lat' dir='ltr'>ut</span> <span class='ocrx_word' id='word_1_226' title='bbox 711 3850 754 3912; x_wconf 92' lang='lat' dir='ltr'>de</span> <span class='ocrx_word' id='word_1_227' title='bbox 776 3850 879 3913; x_wconf 93' lang='lat' dir='ltr'>nihilo</span> <span class='ocrx_word' id='word_1_228' title='bbox 902 3850 1089 3934; x_wconf 87' lang='lat' dir='ltr'>gloriemur.</span> <span class='ocrx_word' id='word_1_229' title='bbox 1136 3851 1183 3914; x_wconf 90' lang='lat' dir='ltr'>Et</span> <span class='ocrx_word' id='word_1_230' title='bbox 1205 3851 1363 3933; x_wconf 90' lang='lat' dir='ltr'>quicquid</span> <span class='ocrx_word' id='word_1_231' title='bbox 1391 3851 1567 3925; x_wconf 91' lang='lat' dir='ltr'>nescimus,</span> 
     </span>
     <span class='ocr_line' id='line_1_30' title="bbox 410 3954 1566 4036; baseline -0.005 -15"><span class='ocrx_word' id='word_1_232' title='bbox 410 3958 467 4021; x_wconf 90' lang='lat' dir='ltr'>ubi</span> <span class='ocrx_word' id='word_1_233' title='bbox 500 3954 695 4020; x_wconf 84' lang='lat' dir='ltr'>scientiam⁵</span> <span class='ocrx_word' id='word_1_234' title='bbox 728 3963 896 4017; x_wconf 89' lang='lat' dir='ltr'>ostentare</span> <span class='ocrx_word' id='word_1_235' title='bbox 929 3975 996 4018; x_wconf 91' lang='lat' dir='ltr'>non</span> <span class='ocrx_word' id='word_1_236' title='bbox 1030 3954 1189 4034; x_wconf 90' lang='lat' dir='ltr'>valemus,</span> <span class='ocrx_word' id='word_1_237' title='bbox 1219 3954 1428 4036; x_wconf 87' lang='lat' dir='ltr'>negligimus,</span> <span class='ocrx_word' id='word_1_238' title='bbox 1457 3974 1566 4036; x_wconf 90' lang='lat' dir='ltr'>repre-</span> 
     </span>
     <span class='ocr_line' id='line_1_31' title="bbox 409 4055 1566 4143; baseline -0.007 -17"><span class='ocrx_word' id='word_1_239' title='bbox 409 4063 596 4136; x_wconf 88' lang='lat' dir='ltr'>hendimus,</span> <span class='ocrx_word' id='word_1_240' title='bbox 622 4059 837 4143; x_wconf 85' lang='lat' dir='ltr'>reprobamus</span> <span class='ocrx_word' id='word_1_241' title='bbox 862 4067 896 4122; x_wconf 89' lang='lat' dir='ltr'>et</span> <span class='ocrx_word' id='word_1_242' title='bbox 921 4058 1153 4134; x_wconf 90' lang='lat' dir='ltr'>annihilamus,</span> <span class='ocrx_word' id='word_1_243' title='bbox 1179 4079 1221 4120; x_wconf 90' lang='lat' dir='ltr'>ne</span> <span class='ocrx_word' id='word_1_244' title='bbox 1242 4059 1415 4122; x_wconf 86' lang='lat' dir='ltr'>videamur</span> <span class='ocrx_word' id='word_1_245' title='bbox 1440 4055 1566 4139; x_wconf 90' lang='lat' dir='ltr'>aliquid</span> 
     </span>
     <span class='ocr_line' id='line_1_32' title="bbox 407 4160 1566 4250; baseline -0.008 -19"><span class='ocrx_word' id='word_1_246' title='bbox 407 4169 569 4250; x_wconf 87' lang='lat' dir='ltr'>ignorare,</span> <span class='ocrx_word' id='word_1_247' title='bbox 585 4172 749 4246; x_wconf 89' lang='lat' dir='ltr'>quatenus</span> <span class='ocrx_word' id='word_1_248' title='bbox 765 4161 882 4226; x_wconf 86' lang='lat' dir='ltr'>saltem</span> <span class='ocrx_word' id='word_1_249' title='bbox 907 4162 1034 4226; x_wconf 92' lang='lat' dir='ltr'>mundo</span> <span class='ocrx_word' id='word_1_250' title='bbox 1057 4162 1207 4225; x_wconf 90' lang='lat' dir='ltr'>muliebri</span> <span class='ocrx_word' id='word_1_251' title='bbox 1230 4171 1263 4225; x_wconf 93' lang='lat' dir='ltr'>et</span> <span class='ocrx_word' id='word_1_252' title='bbox 1285 4161 1363 4224; x_wconf 78' lang='lat' dir='ltr'>suco</span> <span class='ocrx_word' id='word_1_253' title='bbox 1380 4160 1566 4223; x_wconf 92' lang='lat' dir='ltr'>meretricio</span> 
     </span>
     <span class='ocr_line' id='line_1_33' title="bbox 410 4262 1567 4348; baseline -0.007 -14"><span class='ocrx_word' id='word_1_254' title='bbox 410 4279 557 4335; x_wconf 87' lang='lat' dir='ltr'>nostram</span> <span class='ocrx_word' id='word_1_255' title='bbox 588 4265 809 4348; x_wconf 89' lang='lat' dir='ltr'>ignorantiam</span> <span class='ocrx_word' id='word_1_256' title='bbox 847 4264 962 4329; x_wconf 87' lang='lat' dir='ltr'>infami</span> <span class='ocrx_word' id='word_1_257' title='bbox 999 4265 1146 4329; x_wconf 89' lang='lat' dir='ltr'>remedio</span> <span class='ocrx_word' id='word_1_258' title='bbox 1180 4265 1365 4328; x_wconf 87' lang='lat' dir='ltr'>coloremus</span> <span class='ocrx_word' id='word_1_259' title='bbox 1375 4263 1395 4326; x_wconf 76' lang='lat'>⁶.</span> <span class='ocrx_word' id='word_1_260' title='bbox 1464 4262 1567 4327; x_wconf 83' lang='lat' dir='ltr'>Unde</span> 
     </span>
     <span class='ocr_line' id='line_1_34' title="bbox 410 4367 1567 4452; baseline -0.009 -14"><span class='ocrx_word' id='word_1_261' title='bbox 410 4373 586 4438; x_wconf 91' lang='lat' dir='ltr'>utilissima</span> <span class='ocrx_word' id='word_1_262' title='bbox 601 4380 635 4434; x_wconf 88' lang='lat' dir='ltr'>et</span> <span class='ocrx_word' id='word_1_263' title='bbox 651 4369 800 4433; x_wconf 89' lang='lat' dir='ltr'>maxima</span> <span class='ocrx_word' id='word_1_264' title='bbox 815 4379 849 4432; x_wconf 90' lang='lat' dir='ltr'>et</span> <span class='ocrx_word' id='word_1_265' title='bbox 864 4369 956 4432; x_wconf 94' lang='lat' dir='ltr'>omni</span> <span class='ocrx_word' id='word_1_266' title='bbox 973 4367 1112 4432; x_wconf 77' lang='lat' dir='ltr'>decore⁷</span> <span class='ocrx_word' id='word_1_267' title='bbox 1128 4369 1227 4451; x_wconf 89' lang='lat' dir='ltr'>plena</span> <span class='ocrx_word' id='word_1_268' title='bbox 1242 4378 1276 4432; x_wconf 87' lang='lat' dir='ltr'>et</span> <span class='ocrx_word' id='word_1_269' title='bbox 1291 4389 1352 4432; x_wconf 88' lang='lat' dir='ltr'>sua</span> <span class='ocrx_word' id='word_1_270' title='bbox 1366 4367 1567 4452; x_wconf 88' lang='lat' dir='ltr'>proprietate</span> 
     </span>
    </p>
   </div>
   <div class='ocr_carea' id='block_1_5' title="bbox 413 4517 1564 4755">
    <p class='ocr_par' dir='ltr' id='par_1_5' title="bbox 413 4517 1564 4755">
     <span class='ocr_line' id='line_1_35' title="bbox 442 4517 1564 4587; baseline -0.005 -11"><span class='ocrx_word' id='word_1_271' title='bbox 442 4525 452 4557; x_wconf 82' lang='lat'>¹</span> <span class='ocrx_word' id='word_1_272' title='bbox 470 4526 513 4584; x_wconf 93' lang='lat'>0.‚</span> <span class='ocrx_word' id='word_1_273' title='bbox 527 4522 662 4574; x_wconf 84' lang='lat' dir='ltr'>sententias</span> <span class='ocrx_word' id='word_1_274' title='bbox 673 4529 815 4572; x_wconf 85' lang='lat' dir='ltr'>sanctorum</span> <span class='ocrx_word' id='word_1_275' title='bbox 827 4529 869 4571; x_wconf 87' lang='lat' dir='ltr'>aut</span> <span class='ocrx_word' id='word_1_276' title='bbox 881 4520 1030 4587; x_wconf 87' lang='lat' dir='ltr'>sapientum.</span> <span class='ocrx_word' id='word_1_277' title='bbox 1065 4519 1077 4550; x_wconf 72' lang='lat'>²</span> <span class='ocrx_word' id='word_1_278' title='bbox 1090 4520 1115 4586; x_wconf 85' lang='lat' dir='ltr'>J.</span> <span class='ocrx_word' id='word_1_279' title='bbox 1130 4522 1206 4572; x_wconf 87' lang='lat' dir='ltr'>omits</span> <span class='ocrx_word' id='word_1_280' title='bbox 1218 4520 1257 4572; x_wconf 89' lang='lat' dir='ltr'>sit.</span> <span class='ocrx_word' id='word_1_281' title='bbox 1398 4517 1409 4550; x_wconf 81' lang='lat'>⁸</span> <span class='ocrx_word' id='word_1_282' title='bbox 1423 4520 1459 4584; x_wconf 88' lang='lat' dir='ltr'>J.,</span> <span class='ocrx_word' id='word_1_283' title='bbox 1472 4533 1564 4570; x_wconf 82' lang='lat' dir='ltr'>errens.</span> 
     </span>
     <span class='ocr_line' id='line_1_36' title="bbox 442 4599 1564 4673; baseline -0.004 -17"><span class='ocrx_word' id='word_1_284' title='bbox 442 4606 502 4673; x_wconf 78' lang='lat' dir='ltr'>⁴J.,</span> <span class='ocrx_word' id='word_1_285' title='bbox 515 4608 571 4657; x_wconf 81' lang='lat' dir='ltr'>hae.</span> <span class='ocrx_word' id='word_1_286' title='bbox 1064 4602 1126 4667; x_wconf 75' lang='lat' dir='ltr'>⁶J.,</span> <span class='ocrx_word' id='word_1_287' title='bbox 1140 4603 1298 4653; x_wconf 88' lang='lat' dir='ltr'>sententiam.</span> <span class='ocrx_word' id='word_1_288' title='bbox 1326 4599 1358 4652; x_wconf 90' lang='grc' dir='ltr'>Ο.</span> <span class='ocrx_word' id='word_1_289' title='bbox 1371 4600 1564 4669; x_wconf 78' lang='lat' dir='ltr'>V.,scieutiam.</span> 
     </span>
     <span class='ocr_line' id='line_1_37' title="bbox 413 4681 1534 4755; baseline -0.005 -16"><span class='ocrx_word' id='word_1_290' title='bbox 413 4713 417 4724; x_wconf 84' lang='grc'>·</span> <span class='ocrx_word' id='word_1_291' title='bbox 441 4687 654 4755; x_wconf 75' lang='lat' dir='ltr'>⁶J.,toleramus.</span> <span class='ocrx_word' id='word_1_292' title='bbox 684 4685 716 4738; x_wconf 89' lang='grc' dir='ltr'>Ο.</span> <span class='ocrx_word' id='word_1_293' title='bbox 730 4685 932 4748; x_wconf 86' lang='lat' dir='ltr'>V.,coloremus.</span> <span class='ocrx_word' id='word_1_294' title='bbox 1066 4683 1127 4749; x_wconf 79' lang='lat' dir='ltr'>⁷J.,</span> <span class='ocrx_word' id='word_1_295' title='bbox 1141 4685 1252 4736; x_wconf 89' lang='lat' dir='ltr'>doctore.</span> <span class='ocrx_word' id='word_1_296' title='bbox 1282 4681 1372 4748; x_wconf 86' lang='lat' dir='ltr'>O.V.,</span> <span class='ocrx_word' id='word_1_297' title='bbox 1385 4683 1499 4734; x_wconf 74' lang='lat' dir='ltr'>decore.v</span> <span class='ocrx_word' id='word_1_298' title='bbox 1531 4685 1534 4692; x_wconf 78' lang='grc'><strong>’</strong></span> 
     </span>
    </p>
   </div>
   <div class='ocr_carea' id='block_1_6' title="bbox 0 0 1788 5442">
    <p class='ocr_par' dir='ltr' id='par_1_6' title="bbox 0 0 1788 5442">
     <span class='ocr_line' id='line_1_38' title="bbox 0 0 1788 5442; baseline 0 0"><span class='ocrx_word' id='word_1_299' title='bbox 0 0 1788 5442; x_wconf 95' lang='lat' dir='ltr'> </span> 
     </span>
    </p>
   </div>
  </div>
 </body>
</html>
