3559 5442
349 677 386 736 92
568 661 736 727 oannis
754 662 954 746 ursonis
971 665 1090 727 prus
1112 663 1289 726 annum

372 838 374 842 '
426 885 430 894 ,
473 856 475 860 -
494 835 559 876 terra
570 829 601 877 de
813 835 916 892 pereant
1091 828 1201 877 iecerunt

494 909 551 942 area
563 910 604 942 me
818 894 908 944 iebedu
1104 893 1185 942 ebadu

475 970 597 1044 attint)
759 959 907 1047 -ιῆξιιχ
1110 961 1181 1050 top
1304 1008 1307 1012 .
1402 1012 1404 1014 .

604 1095 674 1144 coelo
769 1079 771 1084 Ι
924 1094 971 1143 sub
1003 1095 1071 1144 dcet

597 1177 681 1210 semaa
741 1158 744 1164 ’
904 1160 1084 1211 ιΙιεΙιοιιιιίιι

574 1237 679 1312 tamo
715 1263 719 1270 -
926 1225 1038 1313 ιἰιιιξιῡι
1090 1266 1095 1273 -

481 1362 536 1411 ‘dii
712 1362 769 1412 eis·
888 1363 977 1414 dicetis
1070 1419 1074 1426 ¹
1132 1364 1168 1412 sic
1278 1375 1377 1425 [ἥρως
1397 1376 1505 1425 Hebmi.

471 1429 564 1477 elohim
635 1491 636 1494 ,
684 1430 765 1478 lahem
885 1437 981 1479 tomeru
1134 1445 1167 1480 co¹
1309 1459 1353 1491 cae
1417 1442 1505 1492 sermo

411 1490 574 1579 tour
697 1491 755 1591 opi
886 1508 982 1595 opus-r
1131 1511 1208 1567 rra*
1311 1507 1457 1558 nemaeus.

358 1677 361 1682 ¹
443 1623 552 1673 fecerunt
617 1640 683 1685 non,
748 1631 837 1673 terram
849 1629 873 1672 et
960 1625 1056 1673 coelum
1149 1623 1193 1687 qui

476 1705 520 1738 asu
629 1691 653 1739 lo
762 1705 816 1738 ares
843 1707 873 1738 ve
956 1691 1058 1739 samaim
1143 1706 1196 1741 eser

419 1773 526 1840 'run
620 1752 658 1831 ιιὸ
778 1781 847 1858 tlt]
967 1779 1045 1840 mou
1138 1779 1202 1850 apta,

473 1876 521 1922 'sub
553 1875 585 1923 de
596 1884 621 1924 et
816 1883 880 1925 terra
892 1877 923 1924 de
1120 1882 1223 1939 pereant

453 1941 540 1989 thahat
551 1941 586 1988 mi
601 1958 617 1989 u
654 1942 656 1945 ’
820 1957 873 1990 eres
885 1957 925 1990 me
1127 1941 1217 1989 iobedu

398 2095 400 2102 Ι
431 2085 432 2089 Ν
486 2001 587 2104 notin
829 2019 910 2091 tino
1127 2004 1211 2092 uun

849 2139 897 2187 isto
1131 2139 1201 2188 coelo

854 2205 893 2254 ele
1112 2205 1216 2254 samaim

826 2267 909 2366 :nir
1125 2294 1202 2356 nna

391 2387 587 2451 Manifestus
619 2387 717 2468 igitur
747 2397 780 2449 et
810 2388 883 2450 vilis
910 2397 960 2450 est
984 2408 1072 2450 error
1094 2389 1243 2451 omniurn
1269 2389 1300 2449 in
1325 2385 1386 2450 hac
1409 2396 1503 2468 parte

345 2500 478 2574 propter
508 2492 729 2574 ignorantiam
760 2492 876 2554 harum
911 2491 1106 2574 linguarum.
1168 2492 1269 2555 Aliud
1307 2491 1500 2574 exemplum

345 2595 502 2677 accipitur
517 2596 560 2658 de
576 2579 710 2676 Graeca.
747 2596 791 2659 Et
807 2597 884 2678 quia
901 2595 1006 2659 multa
1021 2596 1178 2679 exempla
1195 2595 1322 2659 Graeca
1337 2595 1501 2658 addentur

345 2699 377 2761 in
401 2689 628 2782 sequentibus¹
647 2699 722 2762 ideo
752 2701 828 2763 volo
858 2701 911 2762 hic
942 2721 1064 2782 ponere
1095 2700 1308 2782 alphabetum
1336 2699 1500 2763 Graecum

344 2823 418 2867 curn
435 2803 652 2888 diphthongis
668 2804 787 2887 quibus
803 2805 970 2880 scribunt;
994 2805 1099 2868 multo
1116 2805 1211 2868 venim
1235 2804 1419 2867 evidentius
1443 2805 1501 2885 p'er

343 2907 425 2971 hocl
444 2910 605 2991 patebunt
621 2930 706 2992 quae
721 2908 862 2971 dicenda
879 2919 963 2972 sunt.

581 3064 613 3110 b·
654 3102 655 3106 ,
786 3079 804 3123 ς’
964 3063 983 3110 d
1185 3080 1197 3110 e

374 3079 450 3192 aliiha
560 3127 621 3178 vita²
750 3111 850 3192 gainma
949 3129 1015 3177 delta
1048 3146 1070 3179 e.
1082 3128 1160 3192 penti,
1174 3130 1213 3177 i.e.
1228 3126 1342 3191 quintum
1370 3094 1417 3176 zita

402 3215 417 3245 a

580 3201 598 3252 β
789 3214 806 3257 r
969 3198 983 3244 l
1189 3215 1198 3243 ε
1385 3191 1401 3254 i

403 3324 415 3369 i
574 3323 601 3371 rt
783 3322 807 3371 2¹³
964 3325 980 3372 k
1185 3325 1197 3370 l
1379 3340 1403 3371 m

390 3386 424 3436 ita
554 3387 618 3437 thita
772 3389 823 3437 iota
932 3389 1016 3453 kappa
1158 3389 1233 3438 labda
1373 3389 1407 3437 mi

398 3472 414 3513 n
579 3460 592 3504 θ
792 3475 799 3505 t
964 3476 979 3506 κ
1183 3467 1200 3506 λ
1381 3477 1398 3517 μ

396 3615 417 3674 n.
572 3617 592 3648 x
785 3617 799 3648 o
961 3609 979 3663 p
1180 3619 1196 3648 r
1382 3618 1394 3650 s

393 3680 419 3712 nr
571 3666 596 3714 xi
725 3683 748 3716 o.
763 3665 858 3716 micron
957 3667 982 3730 pi
1177 3683 1205 3715 ro
1353 3666 1415 3716 sima

398 3752 410 3781 ν
575 3738 588 3795 ξ
785 3753 797 3782 ⁰
961 3753 979 3782 π
1182 3754 1195 3796 ρ
1379 3753 1397 3784 o

395 3870 406 3910 t
418 3880 446 3926 y.
453 3864 572 3913 Graecum
580 3865 757 3926 apudLalinos
768 3864 805 3926 ph
953 3864 982 3912 ch
1164 3872 1195 3927 ps
1374 3883 1387 3915 o

383 3928 421 3977 taf
522 3946 545 3993 y.
560 3927 634 3993 psilo⁴
767 3930 810 3992 phi
949 3928 989 3977 chi
1163 3930 1201 3994 psi
1215 3932 1496 3996 o.mega‚i.c.magnum

394 4014 409 4044 τ
568 4017 581 4044 v
777 4002 797 4055 Φ
958 4015 978 4058 χ
1172 4000 1191 4058 l
1373 4019 1391 4047 θ’

385 4129 522 4191 Habent
539 4136 649 4191 autem
666 4137 795 4211 septem
813 4127 945 4190 vocales
960 4137 1124 4209 quantum
1142 4128 1184 4190 ad
1201 4128 1324 4211 figuras
1339 4130 1495 4211 diversas

338 4233 496 4314 quoniam
513 4230 637 4295 habent
658 4232 781 4314 triplex
809 4233 818 4294 i
845 4243 878 4295 et
895 4231 1021 4314 duplex
1046 4254 1074 4294 0.
1121 4231 1188 4297 Sed
1204 4242 1347 4315 quatuor
1361 4245 1493 4301 tantum

338 4337 462 4398 habent
486 4346 649 4417 quantum
674 4335 716 4399 ad
741 4357 859 4400 sonum
884 4336 1108 4419 principalem,
1134 4337 1287 4401 videlicet
1314 4360 1342 4417 a,
1369 4362 1395 4417 e,
1420 4342 1439 4415 i,
1466 4364 1495 4407 0.

338 4441 576 4525 Diphthongus
602 4441 692 4525 apud
719 4441 864 4504 Graecos
889 4450 938 4503 est
962 4440 1154 4521 conjunctio
1170 4441 1311 4506 duarum
1328 4445 1492 4510 vocalium

370 4601 378 4632 ¹
394 4603 430 4667 J.,
443 4603 512 4651 haec.
711 4601 770 4668 ¹·‘J.,
785 4603 835 4651 vita
848 4603 949 4651 Licinus
961 4604 1020 4651 dicit
1033 4604 1097 4651 beta.
1151 4619 1158 4626 “
1296 4603 1356 4670 ³1„
1370 4623 1391 4656 e.

370 4684 380 4716 ⁴
395 4686 431 4751 J.,
446 4686 526 4750 ipsilo.

1552 2196 1560 2252 l
