3559 5442
375 663 433 722 124
578 608 745 715 opnnrs
762 653 962 734 MAJORJS
979 654 1099 716 anns
1119 655 1295 716 TERTIA.

373 811 478 875 multa
494 811 711 880 daemonibus
726 809 969 901 ascripserunt'1
991 839 1077 900 quae
1094 817 1157 880 Dei
1173 819 1281 901 gratia
1296 826 1354 881 aut
1369 837 1428 901 per
1443 837 1528 899 opus

373 925 510 979 naturae
524 927 558 980 et
573 919 693 983 artium
713 921 905 984 sublimium
922 930 1122 1007 potestatem
1138 922 1307 985 multoties
1324 920 1411 984 sacta
1427 925 1529 984 sunt?

373 1018 554 1100 Quomodo
569 1021 658 1086 enim
675 1025 827 1107 probavit
842 1025 922 1088 milri
938 1024 1056 1108 aliquis
1072 1027 1161 1108 quod
1179 1046 1262 1110 opus
1278 1026 1451 1089 daemonis
1468 1024 1530 1086 suit

373 1123 471 1203 istud,
490 1126 649 1208 quoniam
677 1116 737 1190 nec
764 1149 846 1212 puer
868 1128 1020 1211 decipere
1046 1129 1172 1193 sciebat
1197 1145 1263 1193 nec'
1281 1129 1453 1193 volebat?
1484 1128 1531 1191 Et

373 1227 498 1307 mulier,
521 1250 607 1311 quae
631 1229 785 1315 decipere
808 1231 942 1295 volebat
970 1253 1036 1295 non
1063 1231 1170 1295 solum
1197 1232 1303 1295 virum
1329 1231 1388 1295 sed
1412 1253 1448 1295 se
1470 1251 1530 1314 per

373 1331 625 1397 fornicationem
641 1334 722 1398 dum
745 1335 882 1401 abstulit
905 1335 1111 1418 scripturam,
1126 1336 1198 1398 viso
1222 1335 1382 1399 miraculo
1404 1335 1530 1419 pietate

374 1444 467 1498 mota
478 1435 648 1500 cedulam²
657 1439 815 1521 religavit.
854 1438 947 1502 Malo
959 1439 1011 1502 hic
1025 1440 1078 1523 pie
1091 1439 1212 1502 sentire
1225 1439 1268 1501 ad
1282 1438 1416 1502 laudem
1429 1439 1530 1502 bene-

373 1538 524 1603 ficiorum
549 1541 615 1604 Dei
636 1562 738 1624 quarn
763 1564 806 1606 ex
832 1544 1102 1625 praesumpt10ne
1126 1563 1248 1625 magna
1264 1541 1424 1606 damnare
1438 1542 1531 1625 quod

372 1663 487 1705 verum
502 1653 561 1707 est.
608 1644 766 1710 Similiter
788 1647 821 1709 in
846 1647 986 1711 Polonia
1008 1657 1041 1711 et
1064 1648 1098 1710 in
1113 1647 1225 1710 multis
1241 1647 1431 1729 regionibus
1446 1646 1531 1709 fiunt

371 1747 549 1810 exorcismi
573 1747 616 1811 de
631 1749 716 1815 ferro
730 1750 822 1832 quod
844 1760 996 1833 portatur
1018 1752 1051 1813 in
1076 1749 1229 1814 manibus
1251 1750 1302 1813 vel
1327 1771 1426 1834 super
1439 1751 1530 1832 quod

373 1849 570 1914 ambulatur.
617 1852 663 1915 Et
678 1853 828 1917 similiter
843 1855 886 1917 de
902 1875 988 1937 aqua
1004 1855 1038 1917 in
1062 1875 1129 1936 qua
1150 1853 1285 1937 ponitur
1300 1864 1482 1932 accusatus,
1497 1864 1531 1916 et

373 1954 455 2017 haec
471 1953 555 2018 fiunt
571 1976 629 2038 per
645 1956 829 2020 Ecclesiam
845 1967 879 2021 et
895 1957 1093 2035 sacerdotes,
1108 1966 1142 2020 et
1157 1957 1317 2020 innocens
1332 1957 1443 2020 evadit
1459 1957 1531 2020 sine

369 2056 528 2138 pericu10,
551 2069 741 2140 peccatores
762 2081 841 2124 vero
863 2059 1153 2138 committuntur³;
1177 2060 1261 2123 sicut
1283 2061 1316 2122 in
1340 2059 1413 2142 lege
1428 2062 1532 2123 veteri

373 2159 490 2223 mulier
520 2162 563 2224 de
595 2161 759 2226 adulterio
787 2172 942 2228 accusata
972 2163 1058 2227 bibit
1087 2184 1209 2246 aquam
1239 2155 1466 2226 consecratam
1495 2173 1531 2226 et

373 2263 513 2327 liberata
535 2275 586 2328 est
607 2269 635 2329 si
651 2267 713 2330 fuit
735 2267 905 2344 innocens
919 2269 947 2330 si
965 2289 1043 2330 vero
1066 2267 1248 2351 culpabilis,
1264 2276 1437 2350 peccatum
1458 2267 1530 2350 ejus

373 2367 619 2432 ostendebatur.
664 2369 800 2434 Certum
816 2379 928 2434 autem
944 2378 995 2434 est
1011 2371 1101 2453 quod
1124 2370 1236 2433 anima
1252 2369 1430 2448 rationalis,
1445 2391 1531 2452 quae

371 2480 425 2534 est
463 2472 604 2551 nobilior
640 2482 865 2536 creaturarum
903 2483 980 2557 post
1017 2473 1163 2556 angelos,
1200 2473 1301 2536 habet
1348 2472 1529 2536 secundum

371 2575 447 2655 jura
472 2596 551 2639 suae
577 2576 750 2659 dignitatis
774 2587 925 2660 respectu
949 2587 1173 2640 creaturarum
1196 2576 1347 2640 viliorum
1373 2598 1530 2660 magnam

374 2688 594 2760 potestatem3
624 2681 709 2744 sicut
739 2702 800 2744 nos
826 2681 978 2744 videmus
1001 2681 1091 2764 quod
1118 2678 1283 2758 caelestia,
1305 2681 1383 2763 quia
1412 2681 1530 2744 nobili-

373 2803 432 2844 ora
455 2793 542 2858 sunt,
563 2783 688 2848 habent
712 2805 810 2866 posse
832 2805 931 2868 super
953 2783 1114 2848 inferiora
1161 2784 1205 2846 Et
1228 2783 1402 2866 quodlibet
1424 2784 1532 2847 inleri-

372 2907 469 2949 orum
485 2888 576 2970 quod
592 2897 644 2951 est
660 2888 831 2972 [nobilius]
843 2888 856 2926 4
870 2888 993 2952 virtute
1008 2896 1118 2973 potest
1134 2888 1243 2950 minus
1258 2887 1369 2950 nobile
1382 2887 1531 2964 alterare,

369 2990 419 3052 «ita
431 2989 522 3072 quod
538 2990 734 3073 ignobiliora
749 3000 881 3054 mutant
894 2989 936 3053 ad
949 3012 1025 3053 suas
1038 3000 1171 3054 naturas
1187 2990 1355 3069 nobiliora,
1365 2999 1402 3053 ut
1417 2991 1531 3054 vinum

372 3093 515 3156 inebriat
541 3093 711 3157 hominem
738 3104 772 3157 et
798 3095 884 3178 ignis
908 3094 1073 3159 comburit
1098 3115 1185 3159 eum.
1232 3093 1299 3158 Sed
1326 3093 1389 3157 hoc
1419 3103 1470 3158 est
1497 3095 1530 3157 in

371 3206 535 3280 quantum
549 3198 664 3260 vinum
687 3197 739 3260 vel
761 3199 848 3280 ignis
871 3198 1014 3262 nobilius
1036 3207 1108 3277 est;
1132 3218 1209 3261 nam
1232 3218 1332 3261 omne
1355 3219 1458 3280 agens
1479 3208 1532 3261 est

373 3300 516 3364 nobilius
546 3301 702 3384 patiente,
731 3311 769 3366 ut
801 3302 1005 3366 Aristoteles·
1025 3302 1115 3377 dicit,
1145 3311 1178 3364 et
1209 3310 1334 3364 certum
1365 3310 1424 3378 est,
1452 3303 1532 3384 quia

374 3415 509 3488 propter
534 3404 702 3468 defectum
729 3404 906 3487 cujuslibet
930 3415 1099 3469 creaturae
1128 3405 1224 3469 vilior
1252 3405 1354 3468 habet
1383 3405 1530 3489 aliquam

374 3508 639 3592 praerogativam
653 3530 721 3592 qua
736 3520 827 3574 caret
842 3510 993 3574 nobilior.
1031 3509 1124 3574 'Cum
1140 3530 1219 3592 ergo
1234 3510 1346 3572 anima
1361 3511 1532 3574 rationalis

373 3613 416 3675 sit
432 3613 563 3695 dignior
577 3614 670 3676 omni
686 3614 798 3677 anima
813 3614 976 3698 corporali
991 3615 1086 3696 quasi
1102 3613 1173 3676 sine
1188 3613 1445 3695 comparatione,
1462 3635 1530 3677 non

372 3726 424 3780 est
439 3717 577 3780 dubium
592 3717 673 3800 quin
697 3718 770 3800 ipsa
792 3717 914 3781 habeat
938 3738 1094 3800 magnam
1112 3718 1145 3780 in
1161 3717 1228 3780 suis
1243 3717 1398 3800 operibus
1421 3727 1531 3801 potes-

372 3831 484 3885 tatem
503 3821 662 3904 quando⁵
688 3822 925 3886 immaculata⁶
947 3833 999 3886 est
1016 3844 1035 3885 a
1051 3819 1210 3906 peccato⁷
1229 3821 1281 3884 uel
1297 3821 1457 3885 mandata
1472 3844 1532 3905 per

372 3927 514 4008 gratiam
531 3925 605 4002 Dei,
619 3935 654 3990 et
676 3947 800 4008 magno
816 3925 981 3990 desiderio
1004 3936 1037 3989 et
1060 3935 1150 3989 certa
1166 3925 1352 3988 intentione
1367 3937 1530 4009 operetur.

373 4029 441 4094 'Sed
458 4029 697 4112 praecipuum⁸
718 4030 790 4112 ejus
809 4051 896 4114 opus
910 4039 962 4094 est
976 4030 1124 4108 verbum,
1138 4039 1172 4092 et
1189 4029 1263 4092 ideo
1279 4050 1409 4112 semper
1424 4033 1531 4095 sancti

372 4153 432 4216 per
469 4132 644 4196 verborum
682 4132 902 4216 prolationem
941 4133 1089 4196 fecerunt
1126 4132 1296 4195 mirabilia.
1354 4131 1530 4198 Caeterum

370 4239 444 4319 ipsa
465 4237 579 4299 anima
599 4236 769 4300 rationalis
790 4238 854 4312 scit
875 4236 997 4320 eligere
1013 4245 1145 4319 tempus
1161 4235 1339 4299 electarum
1355 4238 1531 4302 constella-

371 4343 501 4404 tionum
516 4339 559 4403 ad
575 4340 688 4404 omnia
702 4361 804 4424 opera
819 4361 889 4416 sua,
905 4350 941 4404 ut
957 4341 1105 4404 medicus
1128 4339 1252 4423 peritus
1274 4338 1375 4424 elegit
1397 4348 1531 4424 ternpus

404 4488 610 4554 ¹J.,ascrep1mt.
709 4485 765 4552 2J.,
778 4488 875 4539 cedula.
966 4486 1011 4551 Ἰ.
1024 4505 1081 4539 cum
1093 4489 1233 4539 mittuntur.
1321 4485 1425 4537 ⁴Blanlc
1435 4486 1461 4537 in
1470 4487 1495 4552 J.

402 4565 458 4629 ⁶J.‚
470 4566 599 4630 quoniam.
727 4568 730 4577 “
796 4563 852 4632 ⁶J.,
865 4565 1006 4618 immacula
1203 4563 1256 4631 ²J,
1269 4564 1373 4630 peccati.

403 4645 460 4709 ⁸J.,
473 4646 632 4712 principium.
666 4647 707 4702 cf.
720 4648 771 4698 vol.
785 4647 801 4699 i.
816 4665 841 4713 p.
855 4659 912 4713 395,
926 4648 942 4698 l.
956 4648 980 4699 8.
