3559 5442
294 707 642 770 PHILOSOPHIAE
666 705 771 768 CUM
789 704 1056 767 THEOLOGIA
1079 706 1332 781 AFFJNJTAS.
1360 725 1397 786 51

653 997 880 1067 Cnmruuuu
904 1001 986 1065 Vll.

284 1182 462 1247 Caeterum
484 1192 518 1246 et
538 1182 652 1245 totus¹
675 1182 905 1265 philosophiae
928 1181 1085 1244 decursus
1107 1182 1259 1246 consistit
1282 1192 1319 1247 ut
1342 1203 1400 1267 per

240 1287 466 1368 cognitionem
480 1285 671 1350 creaturae²
686 1296 907 1369 cognoscatur
919 1286 1065 1364 Creator,
1075 1287 1127 1348 cui
1144 1297 1279 1371 propter
1294 1309 1399 1350 rever-

239 1393 365 1454 entiam
383 1392 568 1472 majestatis
583 1401 617 1454 et
640 1388 822 1455 beneficia⁸
844 1391 1020 1454 creationis
1036 1401 1069 1453 et
1090 1393 1350 1456 conservationis
1365 1400 1399 1455 et

242 1495 372 1559 futurae
401 1495 567 1559 felicitatis
599 1497 759 1558 serviatur
793 1495 826 1557 in
860 1494 951 1557 cultu
986 1494 1168 1558 honorifico
1201 1505 1235 1559 et
1270 1517 1398 1560 morum
1413 1510 1428 1559 f.
1443 1509 1562 1574 87bofJ.

242 1599 486 1682 pulchritudine
501 1607 535 1662 et
551 1600 662 1682 legum
678 1595 809 1662 utilium
826 1599 1010 1676 honestate,
1026 1608 1062 1661 ut
1077 1600 1110 1662 in
1128 1620 1209 1682 pace
1225 1610 1258 1663 et
1272 1600 1400 1681 justitia
1413 1577 1617 1705 {gmfffiect

242 1699 356 1767 vivant
382 1703 534 1767 homines
560 1705 594 1767 in
621 1704 683 1766 hac
713 1704 791 1766 vita.
837 1703 1052 1785 Philosophia
1082 1705 1171 1766 enim
1197 1705 1399 1786 speculativa
1413 1714 1502 1771 except
1513 1705 1593 1782 inne

242 1801 386 1870 decurrit
412 1827 517 1890 usque
551 1808 592 1871 ad
627 1808 851 1890 cognitionem
885 1808 1042 1869 creatoris
1069 1828 1127 1890 per
1160 1818 1336 1885 creaturas,
1367 1820 1400 1874 et
1413 1772 1461 1822 ΙΝ
1472 1773 1519 1821 lew
1531 1773 1602 1821 hm

243 1909 375 1973 moralis
391 1910 601 1994 philosophia
617 1931 747 1974 morum
763 1910 983 1987 honestatem,
999 1910 1089 1992 leges
1102 1910 1209 1992 justas
1225 1921 1258 1974 et
1274 1912 1399 1976 cultum

244 2014 309 2076 Dei
341 2015 469 2090 statuit,
502 2024 535 2079 et
572 2013 749 2098 persuadet
786 2013 829 2076 de
866 2013 976 2076 futura
1014 2008 1171 2076 felicitate
1208 2015 1331 2078 utiliter
1367 2027 1401 2081 et

243 2115 418 2198 magnifice
433 2111 616 2180 secundum
633 2116 812 2199 possibile4
830 2115 1068 2199 philosophiae.
1108 2117 1203 2179 Haec
1219 2127 1297 2180 sunt
1312 2129 1402 2182 certa

237 2217 502 2305 discurrentibus
533 2239 591 2304 per
624 2214 741 2282 omnes
779 2228 890 2302 partes
928 2219 1158 2303 philosophiae
1196 2222 1402 2305 principales

242 2325 328 2387 sicut
365 2325 538 2406 sequentia
575 2316 751 2386 docebunt.
809 2322 896 2386 Cum
927 2323 1026 2406 igitur
1055 2324 1138 2387 haec
1168 2325 1234 2388 sint
1264 2328 1402 2390 omnino

245 2429 429 2490 necessaria
463 2424 660 2492 Christianis
692 2435 727 2490 et
760 2428 899 2490 omnino
932 2447 1080 2490 consona
1111 2429 1294 2511 sapientiae
1328 2430 1402 2508 Dei,

245 2531 459 2594 manifestum
475 2540 526 2594 est
546 2530 636 2613 quod
660 2530 869 2614 philosophia
892 2532 1076 2595 necessaria
1092 2531 1171 2614 [est]
1188 2533 1252 2615 legi
1269 2534 1402 2597 divinae

245 2644 278 2698 et
294 2633 446 2699 fidelibus
464 2635 496 2698 in
512 2655 552 2698 ea
567 2634 793 2718 gloriantibus.

647 2940 876 3024 'clinum
900 2936 1001 3023 VIII.

289 3143 373 3206 Item
389 3159 506 3206 omnes
518 3141 624 3205 sancti
640 3149 674 3203 et
685 3140 853 3223 sapientes
865 3140 993 3222 antiqui
1005 3139 1037 3202 in
1055 3140 1123 3203 suis
1135 3141 1401 3223 expositionibus

242 3267 375 3310 sensum
392 3245 551 3309 literalem
568 3245 729 3327 colligunt
744 3265 789 3307 ex
806 3245 933 3307 naturis
954 3264 1063 3306 rerum
1086 3253 1120 3307 et
1143 3247 1401 3328 proprietatibus

241 3371 363 3428 earum,
393 3359 430 3413 ut
464 3369 522 3433 per
551 3349 786 3412 convenientes
823 3348 1058 3430 adoptationes
1094 3357 1129 3410 et
1168 3349 1400 3415 similitudines

241 3455 373 3517 eliciant
402 3474 519 3517 sensus
553 3452 747 3537 spirituales.
806 3450 907 3534 Quod
942 3451 1088 3514 declarat
1123 3453 1333 3535 Augustinus
1366 3457 1400 3518 in

240 3559 324 3623 libro
347 3559 391 3621 de
414 3558 577 3621 Doctrina
603 3557 793 3621 Christiana
813 3555 970 3632 secundo,
993 3575 1120 3638 ponens
1145 3559 1340 3641 exemplum
1357 3560 1400 3622 de

240 3663 341 3726 verbo
378 3661 513 3724 Domini
548 3661 687 3724 dicentis
718 3660 910 3743 apostolis⁶,
934 3660 1059 3723 'Estote
1096 3660 1276 3742 prudentes
1313 3664 1398 3726 sicut

241 3772 410 3850 serpentes
425 3776 459 3829 et
475 3765 641 3848 simplices
660 3763 947 3828 sicutc01umbae.
994 3763 1082 3827 Nam
1105 3764 1210 3828 voluit
1233 3767 1399 3830 Dominus

241 3893 299 3954 per
313 3871 385 3948 hoc,
401 3880 437 3933 ut
452 3869 495 3933 ad
509 3870 757 3933 similitudinem
771 3869 933 3950 serpentis
945 3877 1054 3930 totum
1066 3885 1185 3951 corpus
1197 3873 1399 3953 exponentis

241 3997 301 4058 pro
324 3975 515 4038 defensione
538 3973 686 4056 capitisl,
713 3972 855 4055 apostoli
881 3981 916 4034 et
939 3972 1112 4054 apostolici
1137 3973 1196 4036 viri
1221 3995 1257 4036 se
1282 3983 1316 4037 et
1338 3996 1398 4037 sua

241 4079 358 4142 darent
371 4099 430 4163 pro
443 4078 575 4143 Christo
587 4078 695 4161 capite
711 4087 771 4138 suo
787 4086 819 4139 et
836 4096 896 4158 pro
913 4074 978 4138 fide
992 4076 1064 4156 ejus
1074 4074 1093 4139 ⁷.
1132 4077 1178 4140 Et
1190 4087 1325 4161 propter
1335 4079 1398 4142 hoc

241 4183 349 4247 omnis
375 4192 525 4246 creatura
550 4181 583 4245 in
608 4201 643 4244 se
669 4180 720 4244 vel
748 4181 782 4243 in
809 4200 869 4243 suo
892 4179 991 4242 simili
1013 4177 1066 4243 vel
1089 4181 1122 4243 in
1146 4181 1320 4245 universali
1346 4183 1398 4246 vel

241 4288 274 4350 in
298 4286 496 4371 particulari,
514 4306 534 4348 a
556 4285 695 4348 summis
717 4283 883 4347 coelorum
907 4303 1013 4365 usque
1034 4283 1078 4346 ad
1101 4286 1259 4347 terminos
1282 4306 1396 4350 eorum

241 4392 376 4476 ponitur
390 4391 425 4453 in
439 4383 609 4474 scriptura,
623 4397 661 4452 ut
676 4389 762 4452 sicut
775 4389 868 4452 Deus
880 4387 958 4451 fecit
970 4396 1135 4451 creaturas
1148 4398 1181 4452 et
1193 4390 1398 4474 scripturam,
1440 4412 1443 4421 ’

271 4543 282 4575 1
299 4544 343 4608 0.,
356 4544 440 4595 totius.
540 4540 552 4573 ⁹
568 4542 611 4604 O.,
623 4558 681 4592 suae
693 4549 827 4593 creaturae.
914 4537 925 4570 ³
942 4539 985 4602 O.,
999 4540 1157 4592 beneficium.

270 4625 281 4656 ⁴
298 4626 341 4688 O.,
355 4627 491 4676 secundum
502 4625 570 4690 quod
582 4624 690 4692 possible
702 4630 747 4676 est.
915 4620 925 4652 ¹⁵
942 4622 974 4672 Ο.
988 4638 1037 4672 om.
1052 4624 1189 4689 Apostolis.
1233 4636 1235 4639 ·

271 4706 282 4740 ⁸
298 4708 329 4759 Ο.
342 4724 392 4759 om.
406 4708 502 4773 capitis.
913 4702 924 4736 ⁷
941 4705 983 4766 O.,
998 4721 1052 4757 sua.
