3559 5442
360 671 399 744 78
540 666 725 731 'OPERIS
743 665 945 745 MAJORIS
961 664 1083 725 PARS
1101 664 1332 727 SECUNDA,

359 850 445 913 quae
462 829 510 892 si1
533 827 788 892 convenienter1
811 836 1075 911 proponerentur
1096 828 1143 891 eis
1165 827 1440 911 et'probarentur
1462 851 1523 913 per

359 935 520 1017 principia
550 932 779 1016 philosophiae
810 931 1005 1013 completae,
1034 917 1098 994 hoc
1123 941 1179 996 'est
1213 953 1271 1015 per
1307 934 1520 998 vivacitatem

359 1039 503 1113 rationis,
526 1057 612 1120 quae
635 1037 738 1099 sumit
760 1037 922 1118 originem
948 1057 968 1099 a
992 1036 1202 1120 philosophia
1224 1035 1417 1116 infidelium,
1436 1038 1521 1103 'licet

357 1141 640 1223 complementum
659 1161 679 1202 a
696 1138 761 1229 fide
778 1139 909 1214 Christi,
924 1123 1108 1222 reciperent
1122 1140 1194 1202 sinc
1210 1141 1471 1205 contradictione
1487 1153 1522 1206 et

358 1245 543 1328 gauderent
558 1243 600 1307 de
617 1243 787 1326 proposita
803 1242 864 1306 sibi
881 1244 1029 1319 veritate,
1045 1242 1123 1326 quia
1138 1243 1226 1306 avidi
1242 1253 1321 1308 sunt
1336 1246 1521 1328 sapientiae

359 1358 393 1413 et
421 1349 527 1431 magis
553 1347 693 1410 studiosi
719 1367 821 1429 quam
849 1347 1038 1412 Christiani.
1085 1347 1161 1410 Non
1189 1356 1303 1411 tamen
1328 1348 1405 1412 dico
1420 1351 1520 1432 'quod

358 1453 483 1536 aliquid
500 1451 542 1516 de
558 1450 755 1535 specialibus
778 1451 924 1514 articulis
940 1450 1017 1515 fidei
1041 1450 1249 1514 Christianae
1272 1453 1471 1536 reciperetur
1485 1455 1520 1517 in

265 1614 267 1620 ,
358 1557 562 1641 probatione,
590 1555 649 1619 sed
677 1556 802 1618 multae
828 1563 907 1618 sunt
933 1555 1087 1618 veritates
1117 1572 1312 1619 communes
1341 1558 1520 1622 rationales

359 1682 441 1744 quas
472 1661 581 1722 omnis
619 1659 752 1742 sapiens
789 1657 832 1721 de
869 1659 957 1722 sacili
995 1659 1156 1742 reciperet
1183 1659 1226 1721 ab
1263 1659 1337 1738 alio,
1367 1662 1520 1742 quamvis

358 1764 541 1828 secundum
558 1785 593 1826 se
614 1763 781 1845 ignoraret
791 1761 811 1840 2,
826 1762 912 1825 sicut
934 1763 1044 1825 omnis
1066 1763 1169 1826 homo
1191 1762 1360 1827 studiosus
1378 1774 1413 1827 et
1435 1765 1520 1828 desi-

358 1869 477 1932 derans
490 1868 665 1931 scientiam
683 1867 789 1930 multa
804 1865 946 1934 addiscit
961 1867 1004 1929 ab
1020 1866 1086 1929 alio
1097 1868 1258 1950 etrecipit
1270 1889 1328 1952 per
1340 1869 1519 1934 rationales

358 1972 594 2056 persuasiones,
610 1971 685 2034 licet
701 1972 791 2054 prius
807 1971 1009 2053 ignoraverit
1015 1970 1028 2008 ⁸
1043 1969 1170 2040 eadem.

401 2077 479 2139 Non
511 2077 611 2158 igitur
647 2076 808 2138 mirentur
841 2074 1115 2157 philosophantes
1146 2076 1173 2137 si
1206 2075 1353 2140 habeant
1390 2077 1519 2141 elevare

358 2179 602 2265 philosophiam
626 2179 669 2243 ad
693 2178 806 2241 divina
828 2188 861 2241 et
884 2176 927 2240 ad
951 2177 1177 2261 theologicas4
1192 2181 1347 2243 veritates
1368 2190 1402 2244 et
1424 2203 1519 2246 sanc-

358 2295 467 2349 torum
478 2284 701 2360 auctoritates,
711 2291 744 2345 et
754 2283 802 2345 uti
812 2283 858 2344 eis
869 2281 1080 2347 abundanter
1088 2303 1164 2345 cum
1176 2281 1272 2347 fuerit
1281 2296 1519 2367 opportunum,

358 2400 391 2454 et
418 2389 557 2471 probare
585 2408 640 2452 eas
666 2407 741 2450 cum
763 2407 902 2468 ‚necesse
928 2396 987 2464 est,
1010 2395 1043 2448 et
1067 2406 1125 2468 per
1152 2386 1223 2450 illas
1250 2386 1331 2450 alia⁵
1357 2391 1518 2472 probare3

358 2493 516 2575 quoniam
547 2490 766 2575 proculdubio
788 2489 999 2572 philosophia
1021 2499 1055 2552 et
1078 2489 1247 2573 theologia
1269 2494 1519 2557 communicant

358 2598 391 2660 in
424 2596 545 2660 multis.
590 2595 636 2658 Et
666 2594 771 2658 sancti
798 2614 865 2656 non
892 2594 999 2656 solum
1027 2593 1208 2676 loquuntur
1236 2595 1431 2677 theologice,
1456 2598 1516 2662 sed

358 2699 594 2784 philosophice,
623 2707 657 2762 et
687 2697 917 2781 philosophica
946 2697 1173 2781 multipliciter
1200 2699 1425 2763 introducunt
1471 2701 1518 2765 Et

356 2804 432 2868 ideo
456 2803 634 2870 Christiani
659 2801 928 2885 philosophiam⁶
949 2801 1123 2864 volentes⁶
1144 2803 1311 2885 complere
1333 2805 1459 2868 debent
1483 2807 1516 2869 in

356 2910 424 2972 suis
454 2909 649 2972 tractatibus
680 2927 746 2969 non
778 2905 885 2968 solum
909 2903 999 2968 dicta
1028 2905 1299 2988 philosophorum
1331 2907 1373 2970 de
1396 2909 1517 2973 divinis

355 3011 549 3077 veritatibus
579 3010 741 3092 colligere,
771 3010 829 3072 sed
860 3008 961 3090 longe
990 3007 1128 3072 ulterius
1157 3011 1311 3093 progredi
1341 3033 1517 3095 usquequo

356 3118 459 3180 totius
476 3113 703 3199 philosophiae
719 3120 867 3196 potestas
883 3112 1098 3195 compleatur.
1136 3113 1182 3176 Et
1197 3123 1332 3196 propter
1346 3114 1409 3179 hoc
1425 3138 1516 3180 com-

357 3219 451 3304 plens
462 3217 707 3303 philosophiam
724 3236 782 3299 per
796 3214 989 3297 hujusmodi
1001 3217 1156 3280 veritates
1169 3237 1235 3280 non
1248 3217 1349 3282 debet
1362 3219 1437 3283 ideo
1449 3221 1516 3284 dici

276 3373 279 3379 .
356 3323 563 3405 theologicus
572 3319 592 3399 ⁷,
616 3341 677 3382 nec
700 3317 933 3383 transcendere
956 3327 1062 3382 metas
1085 3319 1331 3403 philosophiae;
1355 3324 1520 3405 quoniam

357 3427 434 3490 illa⁸
461 3445 546 3510 quae
572 3433 650 3488 sunt
673 3422 862 3486 communia
886 3422 1114 3505 philosophiae
1135 3433 1170 3487 et
1192 3425 1380 3508 theologiae
1403 3438 1516 3510 potest

356 3551 470 3595 secure
500 3537 643 3592 tractare
652 3526 673 3604 ⁹,
701 3535 734 3590 et
764 3546 804 3588 ea
833 3546 918 3607 quae
955 3526 1178 3589 communiter
1208 3526 1333 3591 habent
1363 3531 1463 3612 recipi
1494 3553 1521 3595 a,

355 3634 508 3698 fidelibus
538 3641 571 3695 et
601 3629 796 3693 infidelibus.
843 3630 889 3692 Et
915 3628 996 3693 talia
1026 3628 1132 3693 multa
1157 3639 1235 3694 sunt
1265 3641 1396 3714 praeter
1424 3634 1516 3699 dicta

356 3736 629 3822 philosophorum
646 3733 839 3807 infidelium,
855 3753 942 3814 quae
957 3740 1118 3815 tanquam
1142 3735 1276 3818 propria
1292 3737 1376 3800 infra
1391 3736 1514 3802 limites

355 3839 585 3925 philosophiae
600 3837 700 3900 debet
720 3845 808 3898 recte
831 3834 1071 3918 philosophans
1093 3835 1255 3919 colligere,
1269 3837 1459 3924 ubicunque
1475 3863 1515 3905 ea

354 3944 524 4019 invenit10,
539 3954 573 4007 et
588 3951 749 4025 tanquam
766 3961 826 4003 sua
837 3938 940 4004 habet
955 3960 1166 4022 congregare,
1181 3942 1250 4005 sive
1265 3943 1299 4006 in
1315 3942 1405 4008 libris
1421 3967 1518 4011 sanc-.

387 4089 397 4121 ¹
415 4092 446 4141 0.
459 4105 508 4138 orn.
524 4087 544 4137 si
555 4085 740 4137 convenienter.

387 4171 398 4203 2
412 4173 437 4238 J.
455 4172 501 4220 has
521 4170 672 4234 “ignoraret
680 4167 694 4190 ’⁵
712 4168 774 4217 with
791 4166 858 4218 what
874 4165 896 4215 is
912 4165 1020 4231 perhaps
1037 4174 1121 4216 meant
1137 4165 1175 4216 for
1195 4166 1271 4218 “ur’'
1289 4170 1379 4224 added.
1417 4174 1449 4223 V.
1466 4173 1510 4240 0.,

355 4256 488 4321 ignoraret.
524 4252 554 4302 0.
570 4268 619 4301 om.
631 4250 694 4300 sicut
705 4247 970 4379 omms-igngmvegit
980 4248 1076 4378 padem.

386 4335 397 4368 ⁸
429 4374 435 4387 .
460 4334 468 4383 i
504 4341 623 4386 oraverat.
891 4338 933 4393 .,t
951 4329 1071 4394 eoogiae.

386 4417 397 4450 ⁶
411 4336 458 4479 lli,
469 4351 539 4466 {lias
838 4410 849 4444 ⁰
863 4411 899 4476 J.,
913 4412 1025 4461 volentes
1036 4411 1228 4477 philosophiam.

383 4499 397 4554 ,⁷
411 4499 447 4564 J.,
461 4496 623 4562 theologicus.
658 4497 702 4560 V.,
716 4493 855 4559 theologiis.
889 4492 925 4543 O.
940 4509 989 4542 om.
1305 4550 1308 4554 A

386 4579 513 4646 “J.,ista
593 4628 596 4634 ,
838 4572 1074 4641 ”J.,contractare
1111 4575 1155 4642 0.,
1168 4584 1280 4632 tractare,

378 4661 399 4694 ¹⁰
415 4663 459 4726 0.,
472 4658 601 4716 invenerit.
663 4707 667 4715 ,
901 4689 905 4693 -
