3559 5442
412 693 449 750 32
638 671 803 732 OPERIS
821 671 890 731 MA
885 669 1020 749 JORIS
1037 670 1157 733 PARS
1173 670 1332 731 PRIMA.

410 835 496 899 sicut
526 833 737 917 philosophia
759 854 818 917 pro
845 832 964 896 eodem
991 832 1130 897 artificio
1156 841 1333 915 utramque
1355 832 1566 915 reputabant,

409 938 568 1019 quoniam
600 937 719 1000 ambae
749 936 825 1000 fidei
857 936 1000 1000 lructum
1038 935 1267 1019 impediebant
1304 935 1417 998 multis
1447 934 1564 999 modis.

410 1042 499 1104 Nam
527 1042 612 1104 sicut
639 1041 728 1123 magi
760 1041 942 1103 Pharaonis
969 1039 1083 1122 Moysi
1112 1039 1320 1116 resistebant,
1345 1048 1378 1101 et
1401 1038 1563 1122 populum

408 1145 561 1227 Aegypti
593 1144 754 1207 mandato
785 1144 849 1208 Dei
880 1142 1127 1206 inobedientem
1159 1143 1334 1221 iaciebant,
1360 1143 1407 1206 sic
1437 1142 1499 1205 suit
1528 1143 1562 1205 in

409 1247 572 1330 principio
589 1247 759 1310 Ecclesiae
779 1267 838 1329 per
860 1247 939 1309 artis
962 1247 1113 1328 magicae
1127 1245 1328 1309 violentiam.
1374 1245 1470 1328 Quae
1485 1265 1562 1307 curn

408 1351 441 1414 in
455 1350 597 1414 eundem
614 1349 779 1426 effectum,
792 1349 916 1412 scilicet
932 1359 1048 1412 contra
1063 1370 1148 1432 opus
1160 1348 1247 1425 fidei,
1258 1369 1334 1412 curn
1351 1348 1563 1432 philosophia

408 1452 633 1517 concordabat
642 1451 663 1528 ¹,
685 1460 794 1515 totum
818 1451 891 1534 ejus
914 1451 1114 1534 vituperium
1139 1451 1172 1514 in
1196 1450 1449 1534 philosophiam,
1476 1471 1562 1534 quae

408 1556 597 1640 principalis
613 1555 683 1631 fuit,
699 1553 917 1620 redundabat.

453 1662 626 1725 Praeterea
650 1660 724 1722 Deo
751 1658 876 1741 placuit
899 1679 919 1720 a
942 1657 1103 1741 principio
1126 1656 1296 1721 Ecclesiae
1319 1659 1409 1742 quod
1434 1657 1559 1722 nullum

406 1764 635 1826 testimonium
659 1762 842 1825 humanum
866 1763 897 1824 ei
920 1763 1062 1835 daretur,
1082 1762 1141 1825 sed
1164 1771 1201 1826 ut
1222 1763 1343 1826 veritas
1364 1762 1442 1827 fidei
1464 1772 1561 1826 tanto

406 1869 520 1949 vigore
543 1867 670 1932 mundo
693 1865 845 1943 radiaret,
860 1875 905 1943 „ut
935 1866 1130 1948 probaretur
1158 1866 1266 1929 solum
1299 1868 1373 1930 Deo
1404 1865 1561 1932 auctore²

407 1969 609 2053 promulgari
626 1990 684 2053 per
699 1978 801 2032 testes
817 1968 859 2032 ab
882 1969 955 2050 ejus
978 1969 1117 2052 imperio
1139 1968 1331 2033 destinatos.
1380 1970 1445 2032 His
1460 1971 1561 2053 igitur

406 2072 449 2136 de
465 2075 572 2136 causis
589 2072 796 2156 philosophia
812 2073 874 2136 fuit
897 2072 940 2135 ab
964 2071 1115 2135 Ecclesia
1137 2072 1170 2134 in
1194 2072 1356 2156 principio
1379 2083 1413 2137 et
1435 2073 1560 2137 sanctis

407 2177 472 2240 Dei
496 2197 563 2239 non
580 2176 687 2240 solum
704 2177 867 2258 neglecta,
882 2175 941 2239 sed
964 2176 1012 2238 eis
1034 2175 1151 2238 odiosa
1160 2175 1181 2253 ³,
1197 2196 1263 2239 non
1287 2185 1399 2239 tamen
1424 2186 1560 2260 propter

402 2279 531 2362 aliquid
558 2279 648 2362 quod
676 2280 708 2342 in
734 2300 773 2342 ea
803 2278 1013 2343 continetur4
1042 2279 1244 2342 contrarium
1271 2281 1412 2345 veritati.
1469 2280 1558 2344 Nam

405 2383 482 2446 licet
506 2382 699 2466 imperfecta
725 2384 768 2446 sit
790 2392 941 2465 respectu
967 2382 1179 2466 professionis
1205 2381 1423 2461 Christianae,
1445 2393 1558 2447 tamen

405 2487 477 2568 ejus
496 2497 645 2570 potestas
668 2507 734 2549 non
752 2495 801 2549 est
818 2485 940 2550 Christi
964 2486 1095 2549 sectae⁵
1114 2485 1257 2576 dissopa,
1273 2487 1377 2550 immo
1392 2488 1559 2551 totaliter⁰

405 2591 539 2655 adeam
559 2589 720 2672 disposita
743 2599 776 2652 et
799 2590 828 2652 ei
851 2590 1026 2652 utilissima
1049 2611 1087 2652 ac
1110 2589 1248 2653 omnino
1263 2592 1456 2666 necessaria,
1473 2592 1559 2656 sicut

404 2715 521 2757 omnes
537 2692 676 2757 credunt
692 2703 725 2756 et
741 2692 973 2757 certificabitur
988 2693 1165 2756 evidenter.
1212 2693 1287 2756 Non
1308 2694 1408 2776 igitur
1423 2704 1559 2778 propter

189 2812 272 2876 Again
284 2812 326 2861 the
405 2797 539 2882 aliquod
562 2797 686 2861 malum
710 2797 940 2880 philosophiae
963 2797 1112 2860 Ecclesia
1136 2797 1201 2860 Dei
1223 2796 1373 2880 neglexit
1395 2807 1429 2862 et
1450 2819 1558 2881 repro

188 2885 351 2992 {f‘ffifpa‘t
404 2903 496 2967 bavit
511 2922 584 2964 earn
602 2922 622 2963 a
637 2901 809 2984 principio,
823 2900 883 2964 sed
900 2910 1035 2983 propter
1049 2900 1207 2963 abusores
1223 2901 1295 2982 ejus
1310 2901 1367 2984 qui
1381 2901 1557 2967 voluerunt

190 3008 292 3072 missing
303 3008 327 3057 in
338 3008 362 3072 J·
404 3027 478 3070 eam
495 3027 556 3069 suo
573 3004 639 3080 fini,
654 3004 710 3087 qui
727 3012 777 3067 est
792 3005 913 3068 veritas
937 3004 1134 3079 Christiana,
1150 3003 1312 3088 copulare.
1359 3007 1404 3069 Et
1423 3015 1557 3090 propter

403 3109 489 3173 hanc
505 3129 640 3172 causam
658 3107 808 3170 Ecclesia
826 3108 994 3191 primitiva
1016 3129 1082 3170 non
1107 3108 1168 3171 fuit
1189 3108 1330 3173 sollicita
1352 3109 1395 3172 de
1417 3110 1556 3174 transla-

402 3215 495 3277 tione
531 3212 744 3275 scientiarum
779 3231 977 3294 magnarum
1012 3209 1250 3295 philosophiae,
1279 3222 1313 3275 et
1344 3213 1419 3278 ideo
1448 3215 1555 3278 sancti

402 3317 555 3386 doctores
594 3315 704 3379 Latini
735 3315 866 3398 copiam
906 3315 1111 3398 magnalium
1146 3314 1449 3399 philosophicorum
1487 3338 1555 3381 non

401 3419 581 3496 habebant,
592 3428 625 3482 et
637 3417 882 3500 configurantes
899 3439 935 3481 se
950 3417 1137 3502 primordiis
1149 3418 1319 3482 Ecclesiae
1335 3421 1556 3504 neglexerunt

402 3523 508 3586 multa
538 3521 767 3606 philosophica
798 3521 1002 3603 dignissima,
1032 3522 1119 3584 sicut
1152 3521 1186 3584 in
1224 3522 1387 3607 principio
1423 3524 1555 3588 luerunt

401 3635 537 3710 propter
574 3645 690 3689 causas
727 3625 879 3707 neglecta
916 3623 1133 3708 supradictas,
1162 3645 1228 3691 non
1265 3635 1401 3710 propter
1430 3627 1555 3711 aliquid

401 3730 521 3794 salsum
537 3729 589 3792 vel
606 3729 780 3811 indignum
797 3728 888 3811 quod
912 3728 945 3791 in
970 3728 1199 3812 philosophica
1221 3731 1408 3812 potestate⁷
1422 3734 1555 3816 reperiri

401 3835 527 3918 possit;
551 3842 584 3896 et
599 3832 703 3896 haec8
726 3833 845 3896 certius
869 3853 931 3895 suo
953 3831 1027 3895 loco
1048 3853 1107 3916 per
1127 3833 1217 3916 ipsos
1234 3835 1298 3897 Dei
1314 3844 1448 3899 sanctos
1464 3848 1555 3921 pate-

401 3940 484 4010 bunt
493 3938 514 4004 ⁹.
560 3937 648 4000 Nam
666 3935 852 4000 ostenditur
867 3935 958 4019 quod
974 3937 1080 3999 sancti
1097 3937 1307 4001 Patriarchae
1323 3949 1356 4002 et
1369 3941 1555 4024 Prophetae

400 4040 598 4125 aprincipio
621 4038 737 4103 mundi
760 4059 876 4102 omnes
899 4039 1054 4103 scientias
1076 4049 1270 4122 receperunt
1292 4063 1312 4104 a
1336 4043 1420 4119 Deo,
1435 4045 1555 4127 quibus

400 4146 491 4213 illam
514 4145 602 4208 vitae
625 4142 868 4225 longitudinem
893 4163 1051 4225 magnam
1074 4141 1176 4221 dedit,
1191 4153 1228 4206 ut
1250 4155 1388 4227 possent
1410 4151 1555 4231 experiri

432 4344 442 4377 1
458 4346 501 4407 V.,
514 4343 708 4394 concordabant.
739 4344 782 4402 O.,
794 4345 970 4396 concordabat.
1134 4341 1146 4374 ²
1159 4343 1183 4408 J.
1199 4344 1243 4408 0.,
1256 4353 1364 4398 auctore.
1402 4349 1445 4412 V.,
1460 4356 1553 4403 actore.

431 4427 480 4492 ³J.
494 4426 537 4487 O.,
551 4426 596 4476 sed
607 4426 651 4476 eis.
686 4427 729 4488 V.,
742 4426 786 4476 sed
798 4426 893 4476 odiosa
1132 4422 1202 4487 *V.,
1215 4426 1378 4481 contineatur.
1508 4410 1510 4414 i

431 4508 491 4574 ⁶J..
505 4515 587 4558 sectae
598 4507 700 4558 Christi.
1132 4505 1181 4572 ⁰J.
1196 4507 1240 4570 O.,
1253 4508 1370 4562 totaliter.
1406 4512 1448 4575 V.,
1463 4511 1553 4569 taliter.

430 4591 440 4623 ⁷
457 4591 501 4654 O.,
515 4589 683 4656 philosophia,
691 4595 740 4654 pro
752 4589 925 4655 philosophica
935 4595 1067 4656 potestate.
1130 4586 1141 4621 ⁸
1158 4589 1189 4642 Ο.
1204 4607 1253 4641 om.
1267 4591 1337 4643 haec.

430 4670 441 4704 ⁹
459 4673 502 4734 O.,
515 4671 620 4740 patebit.
