3559 5442
536 679 831 740 LINGUARUM
848 679 1079 741 COGNITIO.
1336 696 1392 753 119

235 841 326 906 modi
340 830 623 906 ¹consideratione
653 839 795 905 mirabili
817 840 1002 905 notantur1
1031 843 1184 924 tempora
1210 839 1393 904 secundum

235 965 351 1008 omnes
367 953 474 1008 status
491 943 660 1008 Ecclesiae
675 965 782 1027 usque
796 945 830 1007 in
844 943 955 1021 finem,
966 951 999 1007 et
1014 963 1074 1027 per
1087 951 1171 1026 quot
1186 943 1393 1008 centenarios

236 1069 398 1112 annorum
415 1047 551 1112 durabit
565 1048 735 1132 quaelibet
758 1049 901 1112 mutatio
917 1068 1003 1130 quae
1026 1046 1148 1111 accidit
1165 1046 1337 1110 Ecclesiae
1360 1047 1393 1110 in

236 1152 390 1217 decursu
405 1173 476 1216 suo.
535 1150 597 1218 Cui
623 1151 882 1216 considerationi
912 1150 1053 1215 mirabili
1080 1151 1107 1214 si
1139 1149 1330 1235 prophetias
1360 1160 1394 1214 et

235 1256 426 1321 testimonia
442 1256 545 1340 digna
561 1265 777 1334 necteremus,
791 1276 966 1339 possemus
982 1275 1039 1339 per
1063 1255 1127 1320 Dei
1143 1255 1284 1338 gratiam
1301 1274 1394 1338 prae-

236 1361 359 1423 sentire
374 1359 499 1423 utiliter
513 1380 653 1443 eaquae
670 1358 821 1424 Ecclesia
836 1360 972 1443 recipiet
983 1368 1053 1423 tam
1070 1358 1103 1422 in
1115 1359 1280 1442 prosperis
1291 1378 1393 1440 quam

236 1463 391 1527 adversis.
438 1464 484 1527 Et
499 1463 575 1527 ideo
591 1463 671 1527 nihil
687 1464 800 1527 utilius
811 1473 900 1528 esset
914 1484 1015 1546 quam
1031 1461 1223 1546 hujusmodi
1238 1461 1394 1526 virtutem

236 1567 404 1630 literarum
430 1566 639 1631 considerare
664 1588 742 1632 cum
773 1566 845 1631 aliis
873 1565 1193 1632 considerationibus
1223 1566 1393 1630 similibus.

239 1672 326 1734 Nam
349 1670 393 1734 ad
417 1670 687 1754 certificationem
712 1680 882 1735 tantarum
906 1691 1014 1735 rerum
1038 1669 1163 1735 multae
1185 1671 1259 1734 viae
1287 1671 1394 1754 requi-

236 1785 507 1858 runtur‚quarum
517 1774 635 1839 saltem
645 1795 712 1839 una
721 1797 789 1839 non
799 1775 1011 1859 ignobilisest
1020 1774 1197 1859 perlit'eras
1206 1774 1394 1859 linguarum

235 1878 449 1944 diversarum.
495 1879 541 1942 Et
557 1900 687 1961 nequeo
701 1880 781 1943 satis
797 1879 953 1944 admirari
967 1879 1109 1961 qualiter
1123 1877 1206 1942 suit²
1219 1879 1301 1942 haec
1316 1899 1395 1942 con-

236 1983 395 2047 sideratio
421 1982 622 2065 excogitata,
648 2003 725 2047 cum
750 1982 903 2047 videatur
929 1982 1112 2066 inexpertis
1138 1983 1260 2046 habere
1285 1980 1395 2046 debile

238 2085 504 2160 fundamentum,
518 2086 643 2150 scilicet
659 2086 771 2151 literas
789 2085 969 2170 alphabeti,
983 2107 1070 2170 quae
1085 2090 1163 2151 sunt
1177 2087 1285 2171 prima
1300 2108 1395 2170 puer·

227 2211 333 2265 jorum
369 2191 566 2255 rudimenta
626 2190 694 2256 Sed
732 2193 916 2255 secundum
953 2190 1192 2255 documentum
1230 2191 1397 2274 Apostoli,

237 2296 367 2359 minora
380 2303 460 2358 sunt
482 2294 590 2378 magis
612 2295 797 2359 necessaria
811 2305 845 2359 et
869 2295 986 2379 majori
1008 2295 1135 2359 honore
1149 2294 1395 2360 circumdanda.

239 2397 385 2463 Et'sicut
401 2400 494 2462 Deus
509 2397 610 2482 elegit
629 2398 760 2463 infirma
774 2409 812 2463 ut
828 2399 925 2465 fortia
940 2397 1180 2482 quaecunque³
1202 2399 1397 2475 confundat,

237 2505 285 2567 ita
305 2504 340 2566 in
365 2504 462 2566 rebus
476 2523 560 2586 quas
583 2512 777 2586 reputamus
790 2504 954 2567 'minimas
969 2503 1080 2587 posuit
1095 2503 1253 2587 majestas
1269 2503 1396 2585 majora

237 2629 340 2690 quarn
356 2608 462 2690 possit
476 2606 659 2691 intelligere
675 2628 769 2671 mens
784 2607 940 2671 humana.
986 2608 1092 2671 Etsic
1107 2607 1206 2670 estin
1223 2606 1275 2670 his
1294 2608 1395 2670 literis

237 2711 374 2794 triplicis
389 2710 578 2795 alphabeti3
602 2711 692 2775 unde
707 2732 774 2775 non
790 2712 861 2775 sine
876 2712 998 2775 causa*
1020 2712 1054 2774 in
1070 2711 1240 2794 epitaphio
1257 2711 1394 2774 Domini

237 2816 398 2898 scriptum
420 2823 474 2878 est
497 2816 663 2879 Hebraice
677 2815 804 2880 Graece
826 2816 881 2879 et⁵
899 2815 1027 2890 Latine,
1041 2823 1079 2878 ut
1094 2814 1288 2878 doceremur
1303 2816 1394 2897 quod

240 2918 391 2982 Ecclesia
412 2939 509 2982 cruce
531 2918 669 2982 Domini
691 2919 866 3003 redempta
887 2918 1009 2982 habeat
1031 2918 1239 2982 considerare
1257 2919 1395 2982 virtutes

238 3021 406 3086 literarum
423 3022 558 3106 triplicis
573 3021 762 3107 alphabeti3
781 3023 958 3107 praecipue
973 3043 1050 3086 curn
1063 3021 1213 3086 Ecclesia
1224 3022 1347 3106 incepit
1363 3024 1395 3086 in

241 3125 414 3205 Hebraeis
428 3135 462 3189 et
476 3124 617 3210 profecit
638 3125 671 3189 in
689 3125 833 3203 Graecis,
848 3134 883 3190 et
898 3133 1130 3189 consummata
1145 3133 1195 3190 est
1210 3124 1244 3189 in
1260 3125 1396 3190 Latinis.

552 3516 555 3523 μ
651 3385 998 3487 Carnunuruxll.⁰

284 3609 442 3677 Secundo
472 3619 523 3674 est
555 3610 699 3675 multum
736 3611 922 3676 necessaria
959 3609 1159 3694 reipublicae
1200 3610 1396 3674 Latinorum

240 3714 433 3797 dirigendae
455 3715 603 3798 cognitio
625 3714 814 3797 linguarum
837 3723 973 3798 propter
990 3715 1060 3778 tria
1107 3715 1222 3780 Unum
1240 3724 1292 3777 est
1307 3735 1397 3778 corn-

240 3818 422 3881 municatio
443 3817 627 3881 utilitatum
651 3817 911 3882 necessariarum
935 3818 969 3881 in
993 3817 1185 3880 mercaturis
1207 3827 1241 3880 et
1257 3819 1398 3900 negotiis

240 3920 310 3982 sine
321 3920 442 4002 quibus
458 3920 571 3984 Latini
587 3941 659 3984 esse
675 3942 742 3984 non
759 3930 908 4004 possunt,
920 3920 998 4004 quia
1011 3920 1222 3984 medicinalia
1237 3930 1271 3984 et
1286 3923 1400 3985 omnia

240 4024 385 4108 pretiosa
399 4024 601 4106 recipiuntur
615 4024 659 4088 ab
674 4025 747 4088 aliis
764 4025 963 4102 nationibus,
979 4034 1012 4088 et
1028 4024 1106 4090 inde
1121 4024 1224 4088 oritur
1239 4045 1399 4106 magnum

240 4128 401 4190 damnum
427 4126 558 4190 Latinis
584 4137 619 4192 et
649 4128 737 4192 fraus
768 4129 816 4192 eis
839 4128 977 4192 infertur
1003 4127 1141 4206 infinita,
1168 4129 1246 4210 quia
1269 4130 1400 4214 linguas

239 4232 394 4315 ignorant
409 4228 534 4294 alienas
549 4231 872 4315 quantumcunque⁷
893 4252 952 4316 per
967 4231 1164 4315 interpretes
1180 4233 1378 4316 eloquantur
1392 4258 1400 4313 ;

270 4409 314 4476 lJ.
328 4411 403 4462 omits
413 4418 539 4462 notantur.
742 4411 798 4478 21,
810 4411 892 4464 hierit.
1094 4410 1149 4480 ³J.,
1162 4429 1284 4479 quaeque.

270 4493 326 4560 ⁴J.,
338 4493 448 4544 maxima
458 4510 540 4544 causa.
743 4493 787 4562 ⁶J‚
800 4497 876 4546 omits
885 4503 920 4546 et
1053 4499 1054 4504 ’

270 4572 282 4604 ⁶
292 4574 360 4624 Title
370 4574 397 4624 in
407 4575 504 4638 margin
511 4575 583 4640 ofJ.:
599 4576 759 4641 [capitulum]
769 4578 906 4628 secundum
917 4577 949 4628 dc
960 4575 1146 4643 comparatione
1161 4576 1254 4639 [rerum
1263 4583 1404 4645 necessari]-

237 4673 307 4706 arum
319 4657 351 4707 ad
363 4656 564 4722 rempublicam
575 4658 730 4709 Latinorum.
869 4659 925 4726 ⁷J.,
938 4659 1091 4726 quamhabet
1101 4657 1157 4722 (sic)
1168 4659 1206 4711 for
1216 4663 1373 4727 quamlibet?
