3559 5442
312 698 660 760 PHILOSOPHIAE
684 699 789 762 CUM
807 700 1075 762 THEOLOGIA
1097 702 1352 763 AFFINITAS.
1376 719 1415 781 45

258 859 480 924 sententiam1
510 871 544 924 et
573 862 787 926 auctoritates
820 862 1025 944 Augustini²
1054 865 1205 946 superius
1235 865 1415 948 allegatas:

257 963 433 1042 secundo³,
457 965 608 1046 quamvis
635 966 747 1048 aliquo
769 966 872 1029 modo
892 967 1013 1029 veritas
1036 967 1267 1051 philosophiae
1287 969 1417 1032 dicatur

256 1083 329 1126 esse
358 1084 481 1140 eorum,
512 1065 555 1127 ad
586 1065 672 1128 hanc
701 1074 815 1128 tamen
846 1065 1036 1129 habendam
1069 1068 1176 1149 primo
1205 1067 1266 1130 lux
1303 1069 1417 1133 divina

255 1166 390 1230 influxit
405 1168 439 1229 in
460 1169 590 1230 animos
613 1189 736 1244 eorum,
755 1177 789 1231 et
811 1168 948 1232 eosdem
972 1170 1255 1252 superillustravit.
1302 1173 1417 1236 Illum-

254 1271 326 1333 inat
341 1272 431 1333 enim
447 1292 582 1334 omnem
599 1261 768 1336 hominem
784 1274 974 1337 venientem
991 1274 1024 1336 iu
1040 1274 1128 1336 hunc
1145 1276 1317 1351 mundum,
1332 1278 1418 1340 sicut

257 1373 337 1436 dicit
372 1375 543 1456 scriptura,
573 1376 624 1437 cui
656 1377 841 1439 sententiae
878 1376 941 1459 ipsi
979 1376 1167 1460 philosophi
1205 1379 1417 1446 concordant.

258 1478 346 1541 Nam
378 1487 508 1560 ponunt
538 1479 742 1542 intellectum
779 1490 936 1562 agentem
974 1491 1009 1544 et
1046 1481 1246 1564 possibilem.
1293 1483 1419 1548 Anima

255 1603 334 1645 vero
364 1582 511 1645 humana
541 1583 662 1645 dicitur
690 1583 734 1645 ab
769 1583 816 1646 eis
854 1583 1029 1666 possibilis,
1059 1586 1137 1667 quia
1166 1586 1209 1648 de
1238 1607 1274 1649 se
1303 1594 1354 1649 est
1384 1588 1417 1649 in

258 1687 408 1768 potentia
423 1686 465 1748 ad
489 1686 642 1749 scientias
658 1696 692 1749 et
706 1687 845 1750 virtutes
867 1697 902 1750 et
924 1707 981 1749 eas
997 1689 1113 1771 recipit
1128 1687 1270 1752 aliunde.
1317 1690 1419 1753 Intel-

255 1790 361 1852 lectus
378 1810 480 1870 agens
496 1790 624 1864 dicitur,
639 1790 695 1872 qui
712 1789 820 1852 influit
844 1791 876 1852 in
901 1791 1029 1854 animas
1052 1803 1182 1854 nostras
1205 1793 1397 1856 illuminans
1404 1793 1419 1860 4

257 1892 300 1954 ad
316 1893 489 1955 scientiam
505 1902 539 1956 et
554 1893 720 1966 virtutem,
736 1893 814 1975 quia
830 1892 907 1957 licet
930 1894 1118 1957 intellectus
1133 1895 1300 1977 possibilis
1315 1898 1420 1978 possit

257 1997 322 2060 dici
349 2017 453 2078 agens
477 1996 521 2059 ab
544 2006 620 2059 actu
647 1997 862 2079 intelligendi,
888 2008 1002 2061 tamen
1028 2001 1192 2062 sumendo
1213 2000 1419 2064 intellectum

256 2109 424 2181 agentem,
453 2109 491 2162 ut
528 2100 590 2181 ipsi
628 2111 773 2175 sumunt,
804 2111 942 2164 vocatur
979 2101 1120 2164 influens
1157 2112 1191 2164 et
1228 2103 1419 2167 illuminans

257 2203 449 2286 possibilem
487 2205 530 2268 ad
568 2204 816 2285 cognitionem⁵
852 2206 1008 2267 veritatis.
1069 2206 1116 2268 Et
1152 2207 1199 2268 sic
1233 2207 1420 2270 intellectus

257 2327 371 2390 agens,
395 2306 577 2369 secundum
602 2306 745 2387 majores
768 2307 993 2391 philosophos,
1016 2329 1084 2371 non
1108 2320 1155 2373 est
1180 2331 1255 2392 pars
1278 2311 1420 2388 animae,

258 2411 317 2473 sed
342 2418 392 2472 est
412 2409 598 2473 substantia
620 2411 822 2474 intellectiva
845 2411 911 2474 alia
936 2423 971 2474 et
992 2422 1147 2494 separata
1162 2434 1221 2494 per
1238 2415 1418 2476 essentiam

258 2514 303 2577 ab
332 2512 502 2576 intellectu
529 2514 687 2596 possibili.
744 2515 790 2578 Et
817 2516 895 2596 quia
925 2515 1014 2578 istud
1045 2526 1096 2579 est
1125 2517 1347 2580 necessarium
1375 2518 1418 2581 ad

259 2614 419 2697 propositi
446 2614 703 2696 persuasionem,
729 2623 767 2677 ut
793 2615 989 2678 ostendatur
1015 2614 1105 2696 quod
1133 2615 1343 2698 philosophia
1376 2619 1420 2680 sit

257 2735 317 2796 per
343 2713 549 2776 influentiam
578 2714 712 2776 divinae
738 2713 998 2791 illuminationis,
1024 2714 1100 2778 volo
1127 2715 1216 2777 istud
1242 2716 1420 2783 efficaciter

259 2813 407 2896 probare,
444 2813 620 2896 praecipue
657 2834 734 2876 cum
780 2833 922 2895 magnus
961 2835 1051 2877 error
1084 2815 1263 2878 invaserit⁰
1299 2816 1418 2899 vulgus

258 2916 564 2999 philosophantium
588 2917 621 2979 in
646 2916 708 2978 hac
729 2926 831 2999 parte,
847 2937 977 2979 necnon
993 2917 1240 2980 multitudinem
1260 2939 1418 3000 magnam

258 3018 498 3101 theologorum,
515 3021 673 3102 quoniam
690 3019 797 3101 qualis
821 3019 923 3081 homo
938 3029 989 3082 est
1009 3021 1042 3082 in
1059 3020 1277 3102 philosophia,
1292 3022 1368 3085 talis
1383 3023 1417 3085 in

258 3120 426 3203 theologia
441 3142 514 3184 esse
529 3121 696 3204 probatur.
743 3121 835 3183 Dicit
850 3118 973 3202 igitur⁷
989 3121 1214 3204 Alpharabius
1225 3123 1260 3185 in
1276 3123 1360 3186 libro
1375 3125 1418 3188 de

258 3224 427 3288 intellectu
440 3234 474 3287 et
489 3223 667 3301 intellect0,
683 3226 774 3306 quod
790 3224 1031 3306 intelligentia8
1047 3246 1159 3306 agenS,
1174 3226 1299 3307 quam8
1314 3228 1418 3289 nomi·
1431 3237 1447 3286 f.
1462 3238 1513 3300 85b
1534 3238 1592 3302 olJ.

1431 3304 1519 3367 begins
1530 3303 1598 3360 bere,

258 3329 350 3391 navit
377 3325 575 3392 Aristoteles
602 3327 635 3390 in
665 3328 763 3390 tertio
789 3336 934 3390 tractatu
961 3349 1023 3390 suo
1049 3328 1093 3391 de
1120 3329 1257 3407 Anima,
1272 3351 1338 3392 non
1367 3340 1418 3393 est
1431 3368 1624 3433 imperfectum

259 3433 406 3508 materia,
422 3431 479 3494 sed
504 3441 555 3494 est
577 3431 765 3494 substantia
781 3441 943 3513 separata.
989 3431 1035 3494 Et
1052 3433 1228 3495 Avicenna
1242 3434 1359 3516 quinto
1375 3434 1418 3498 de
1431 3434 1568 3498 preceding

258 3536 386 3601 Anima
416 3544 450 3598 et
479 3534 594 3598 nono⁹
617 3534 870 3617 Metaphysicae
894 3535 982 3598 idem
1012 3535 1119 3599 docet.
1175 3535 1315 3600 Necnon
1347 3539 1419 3621 ipse
1431 3514 1601 3628 {ffiiys'lsssiii

259 3637 480 3721 Philosophus
510 3638 591 3702 dicit
629 3641 719 3720 quod
757 3638 946 3702 intellectus
983 3659 1087 3721 agens
1116 3650 1168 3703 est
1198 3651 1370 3723 separatus
1399 3639 1585 3747 affiffiffw

259 3743 408 3826 possibili
431 3751 466 3805 et
488 3743 672 3805 immixtus
719 3743 806 3805 Item
829 3742 901 3805 vult
924 3742 1015 3824 quod
1038 3742 1225 3806 intellectus
1248 3765 1353 3826 agens
1376 3746 1420 3808 sit

259 3845 516 3928 incorruptibilis
539 3844 722 3909 secundum
746 3866 820 3908 esse
841 3854 875 3908 et
898 3845 1131 3920 substantiam,
1153 3848 1312 3929 quoniam
1338 3849 1420 3911 dicit

258 3946 368 4028 ipsum
384 3943 516 4008 differre
528 3966 547 4007 a
559 3945 708 4027 possibili
724 3965 826 4027 penes
839 3945 1128 4028 incorruptionem.
1170 3946 1239 4010 Sed
1255 3947 1420 4030 possibilis

257 4059 308 4114 est
337 4048 594 4132 incorruptibilis
628 4037 810 4111 secundum
841 4047 1063 4112 substantiam
1101 4057 1135 4111 et
1165 4049 1386 4131 corruptibilis
1396 4049 1421 4088 ¹⁰

259 4156 443 4219 secundum
481 4173 561 4228 esse,
599 4161 735 4235 propter
771 4152 1015 4234 separationem
1053 4152 1134 4234 ejus.
1188 4153 1279 4234 Ergo
1316 4174 1420 4242 agens

289 4388 300 4421 ²
318 4389 361 4450 0.‚
374 4389 517 4440 sententias.
701 4385 712 4417 ²
729 4387 771 4448 0.,
786 4402 835 4438 om.
851 4387 994 4452 Augustini.
1192 4385 1203 4418 ³
1220 4387 1262 4448 0.,
1276 4388 1378 4440 idcirco.

290 4469 301 4501 ⁴
317 4471 347 4522 V.
361 4471 397 4536 J.,
410 4469 613 4520 illuminationes.
650 4468 695 4530 0.,
706 4469 858 4519 illuminans.
932 4467 943 4498 ⁸
957 4468 994 4532 J.,
1007 4467 1247 4532 congre[g]ationem
1259 4471 1323 4532 (sic).

290 4549 301 4583 θ
314 4553 350 4620 J.,
360 4552 480 4602 invaserit
492 4567 567 4603 error.
734 4607 736 4610 ¹
931 4547 942 4582 ⁷
958 4549 1002 4613 0.,
1015 4549 1091 4599 enim.

290 4631 301 4665 ⁸
317 4634 361 4696 0.‚
374 4633 516 4684 intellectus
526 4649 603 4698 agens
612 4649 698 4698 quem.
932 4628 944 4662 ⁹
960 4632 1003 4695 0.,
1016 4631 1124 4683 decimo.

290 4714 310 4748 1⁰
327 4717 371 4780 0.,
384 4715 560 4782 corruptibilis.
595 4717 639 4778 V.‚
653 4714 799 4781 corporalis.
823 4747 825 4754 ·
