3559 5442
401 664 439 747 7o
461 712 465 719 -
590 665 757 732 OPERIS
775 670 975 751 MAJORIS
991 669 1118 732 PARS.
1131 668 1359 732 SECUNDA.

398 835 432 898 in
448 834 602 898 humanis
618 832 872 899 inventionibus,
918 833 1131 919 Quapropter
1149 833 1363 915 antiquorum
1386 830 1555 895 defectum

397 937 594 1001 deberemus
607 959 667 1001 nos
683 938 881 1022 posteriores
895 938 1057 1020 supplere,
1069 938 1147 1020 quia
1160 937 1368 1000 introivimus
1381 935 1414 998 in
1426 933 1556 998 labores

398 1062 521 1116 eorum,
533 1062 591 1124 per
602 1063 696 1123 quos,
708 1042 771 1104 nisi
787 1027 890 1104 simus
903 1041 996 1118 asini,
1008 1061 1185 1124 possumus
1198 1040 1240 1103 ad
1254 1039 1390 1102 meliora
1401 1038 1557 1117 excitari3

397 1145 476 1227 quia
491 1145 712 1212 miserrimum
728 1154 778 1214 est
794 1165 925 1228 semper
940 1145 988 1208 uti
1012 1145 1154 1213 inventis
1176 1153 1211 1207 et
1234 1164 1412 1225 nunquam,
1430 1142 1556 1213 inveni-

397 1248 503 1324 endis,
518 1231 555 1311 ut
571 1247 650 1312 dicit
667 1249 812 1324 Boetius,
827 1258 860 1311 et
876 1249 1055 1332 probatum
1071 1258 1122 1311 est
1137 1248 1314 1313 efficaciter
1328 1247 1478 1330 superius
1494 1266 1557 1308 suo

397 1353 479 1415 loco.
526 1352 611 1415 Item
640 1351 818 1422 Christiani
845 1351 969 1420 debent
995 1353 1038 1417 ad
1066 1373 1161 1416 suam
1189 1351 1438 1438 professionem,
1468 1338 1556 1431 quae

396 1451 559 1540 sapientia
583 1458 647 1520 Dei
671 1467 729 1535 est,
745 1467 877 1521 caetera
901 1469 1110 1540 pertractare,
1124 1457 1179 1520 et1
1195 1457 1265 1520 vias
1281 1455 1555 1539 philosophorum

396 1561 580 1626 infidelium
610 1561 785 1645 complere,
812 1581 880 1625 non
908 1561 1015 1625 solum
1042 1561 1121 1644 quia
1151 1581 1265 1623 sumus
1295 1561 1494 1642 posteriores
1520 1568 1555 1621 et

396 1663 557 1728 debemus
580 1663 703 1728 addere
726 1664 768 1728 ad
792 1685 907 1728 eorum
927 1686 1037 1748 opera,
1053 1665 1111 1729 sed
1128 1675 1164 1728 ut
1180 1684 1339 1746 cogamus
1355 1663 1554 1745 sapientiam

396 1767 667 1851 philosophorum
696 1779 829 1832 nostrae
854 1769 1026 1832 deservire.
1072 1769 1161 1837 Nam
1188 1768 1251 1830 hoc
1277 1765 1426 1829 infideles
1450 1762 1556 1849 philoss

396 1870 493 1954 sophi
508 1871 634 1934 iaciunt
649 1870 743 1955 ipsa2
758 1872 897 1935 veritate
912 1872 1017 1936 coacti
1033 1870 1216 1954 quantum³
1231 1871 1311 1954 ipsis
1330 1879 1381 1932 est
1397 1868 1554 1947 datum3}

396 1991 475 2057 nam
503 1979 608 2033 totam
632 1969 878 2054 philosophiam
902 1970 1073 2034 deducunt
1096 1970 1138 2034 ad
1158 1970 1304 2033 divinam
1313 1963 1335 2044 ⁴,
1351 1977 1388 2032 ut
1402 1989 1446 2030 ex
1463 1968 1554 2031 libris

394 2074 593 2164 ¹Avicennae
608 2075 641 2137 in
666 2074 900 2158 Metaphysica
922 2084 956 2137 et
980 2074 1172 2152 Moralibus,
1187 2083 1221 2136 et
1236 2093 1295 2156 per
1311 2071 1554 2155 Alpharabium

396 2188 430 2241 et
447 2177 610 2242 Senecam
627 2187 660 2242 et
675 2177 834 2255 Tullium,
850 2188 884 2243 et
900 2193 958 2262 per
970 2179 1209 2243 Aristotelem-⁵
1224 2180 1256 2240 in
1275 2176 1508 2259 Metaphysica
1519 2185 1555 2240 et

395 2279 582 2345 Moralibus
598 2283 729 2366 {patet}
769 2283 857 2345 Nam
871 2283 985 2346 omnia
996 2283 1159 2346 reducunt
1171 2283 1213 2348 ad
1231 2283 1350 2359 Deum,
1362 2281 1447 2343 sicut
1462 2301 1555 2342 exer-

396 2384 481 2447 citus
497 2383 539 2447 ad
555 2385 748 2469 principem,
764 2384 971 2469 inseren[te]s
990 2385 1032 2449 de
1055 2385 1183 2467 angelis
1205 2394 1239 2448 et
1261 2384 1304 2448 de
1326 2382 1398 2446 aliis
1423 2383 1555 2460 multis;

398 2489 556 2570 quoniam
573 2488 770 2572 principales
783 2489 912 2552 articuli
925 2489 1001 2552 fidei
1014 2489 1222 2572 reperiuntur
1236 2489 1270 2551 in
1286 2488 1332 2551 eis
1347 2509 1354 2565 ;
1378 2508 1456 2550 nam
1469 2495 1507 2549 ut
1518 2487 1553 2549 in

392 2592 579 2656 'moralibus
594 2603 791 2675 exponetur,
808 2593 919 2657 Deum
942 2614 1015 2656 esse
1038 2592 1169 2668 docent,
1184 2592 1235 2656 et⁶
1249 2591 1339 2675 quod
1352 2592 1394 2654 sit
1411 2612 1496 2654 unus
1520 2591 1554 2652 in

392 2692 551 2765 essentia,
566 2692 715 2755 infinitae
726 2693 899 2775 potentiae
915 2702 948 2757 et
964 2693 1147 2776 sapientiae
1163 2703 1196 2755 et
1215 2691 1382 2769 bonitatis
1398 2691 1504 2754 trinus
1520 2690 1554 2752 in

398 2796 557 2877 personis,
570 2797 695 2860 scilicet
711 2798 809 2860 Pater
824 2807 857 2859 et
874 2797 978 2860 Filius
993 2806 1026 2860 et
1043 2797 1187 2880 Spiritus
1203 2796 1357 2872 SanctuS,
1368 2795 1424 2877 qui
1441 2794 1555 2857 omnia

399 2899 522 2962 creavit
534 2919 581 2962 ex
598 2900 702 2962 nihilo
714 2921 721 2977 ;
745 2909 779 2963 et
794 2899 836 2962 de
850 2899 1000 2962 Domino
1015 2899 1096 2981 Jesu
1110 2899 1252 2974 Christo,
1264 2899 1352 2962 etde
1368 2898 1467 2962 beata
1479 2899 1555 2962 Vir-

399 3003 477 3084 gine
489 3003 595 3066 multa
608 3013 758 3086 tangunt.
805 3003 1032 3085 Similiterque
1042 3003 1084 3066 de
1096 3003 1306 3067 Antichristo
1316 3003 1370 3066 et⁷
1382 3003 1510 3084 angelis
1522 3012 1557 3066 et

400 3106 552 3169 custodia
561 3108 733 3171 hominum
745 3129 803 3190 per
812 3127 869 3169 eos
875 3107 897 3185 ⁸,
909 3127 1037 3170 necnon
1048 3110 1090 3171 de
1102 3107 1339 3170 resurrectione
1349 3117 1555 3170 mortuorum

400 3219 434 3272 et
460 3210 502 3273 de
523 3209 648 3290 judicio
670 3211 780 3274 futuro
795 3221 828 3274 et
844 3210 887 3274 de
902 3212 970 3274 vita
987 3210 1116 3274 futurae
1132 3211 1298 3274 felicitatis
1307 3210 1328 3288 ⁹,
1343 3231 1445 3293 quam
1462 3210 1556 3273 Deus

401 3313 564 3396 promittit
573 3313 598 3352 1⁰
613 3314 845 3377 obedientibus
867 3315 938 3392 sibi,
954 3324 987 3377 et
1008 3316 1051 3377 de
1072 3315 1203 3377 miseria
1225 3315 1335 3377 sutura
1358 3335 1458 3396 quam
1482 3335 1557 3396 pro·

226 3463 229 3470 .
286 3467 288 3470 .
401 3417 495 3499 ponit
511 3417 663 3480 inferre11
678 3418 728 3481 his
744 3418 801 3500 qui
818 3419 977 3480 mandata
989 3418 1060 3500 ejus
1073 3440 1139 3482 non
1153 3419 1340 3482 observant.
1386 3416 1558 3482 Scribunt-

401 3541 466 3603 que
488 3521 741 3585 innumerabilia
764 3520 806 3584 de
829 3542 958 3584 morum
982 3522 1166 3599 honestate,
1186 3522 1228 3585 de
1251 3522 1362 3604 legum
1385 3521 1499 3603 gloria,
1515 3522 1558 3586 de

401 3624 597 3707 legislatore,
608 3628 696 3707 quod
714 3625 814 3689 debet
828 3626 977 3708 accipere
992 3624 1099 3708 legem
1116 3647 1135 3688 a
1152 3626 1226 3689 Deo
1243 3646 1301 3709 per
1313 3626 1559 3701 revelationem,

401 3729 458 3811 qui
484 3729 527 3792 sit
554 3730 717 3792 mediator
743 3729 807 3792 Dei
834 3738 867 3791 et
893 3730 1067 3793 hominum
1098 3740 1132 3794 et
1154 3730 1294 3793 vicarius
1317 3731 1381 3793 Dei
1404 3730 1437 3791 in
1463 3739 1560 3808 terra,

402 3833 567 3896 Dominus
592 3833 711 3896 terreni
737 3833 874 3911 mundi;
898 3835 940 3896 de
962 3854 1030 3915 quo
1052 3854 1128 3896 cum
1153 3833 1328 3917 probatum
1346 3833 1451 3911 suerit,
1467 3837 1557 3916 quod

401 3937 560 4020 receperit
586 3935 693 4018 legem
719 3958 739 3999 a
763 3937 847 4014 Deo,
868 3937 899 3998 ei
922 3937 1126 4004 credendum
1142 3938 1185 4000 sit
1201 3938 1233 3999 in
1250 3936 1406 4000 omnibus
1421 3937 1559 4002 exclusa

401 4041 491 4104 omni
504 4038 712 4104 dubitatione
728 4050 761 4104 et
777 4041 975 4105 hesitatione
981 4061 989 4120 ;
1011 4041 1068 4123 qui
1084 4039 1184 4104 debet
1200 4049 1308 4104 totum
1324 4060 1429 4123 genus
1442 4040 1558 4105 huma·

434 4252 493 4305 1Ο.
508 4272 558 4306 orn.
573 4261 606 4304 et.
1036 4254 1085 4321 ²J.
1100 4255 1219 4321 O.,ipsa.
1254 4256 1297 4317 V.,
1310 4253 1399 4320 prima.

433 4334 444 4367 ³
458 4336 482 4401 J.
497 4336 540 4398 0.,
553 4336 712 4403 inquantum
724 4337 760 4388 eis
770 4339 857 4389 datum
870 4346 917 4392 est.
1035 4337 1047 4369 ⁴
1060 4339 1096 4404 J.,
1109 4339 1203 4389 divina.

432 4416 443 4448 ⁶
459 4419 491 4469 0.
495 4456 502 4481 ,
516 4435 561 4484 per
571 4420 733 4471 Aristotelem
745 4427 821 4487 patet.
1036 4417 1047 4452 ⁰
1060 4421 1174 4486 J.,omits
1185 4433 1218 4470 et·

432 4499 493 4566 ⁷J.,
506 4507 582 4566 atque
592 4503 632 4551 de.
669 4503 764 4554 O..0m.
777 4505 819 4553 de.
887 4500 947 4553 ⁸0.
962 4519 1012 4553 om.
1026 4519 1071 4568 per
1082 4519 1134 4554 eos.
1202 4500 1262 4552 9Ο.
1277 4502 1309 4551 de
1321 4500 1440 4552 felicitate
1450 4501 1541 4552 futura.

422 4581 442 4614 ¹⁰
456 4583 490 4648 J.,
505 4583 635 4649 promittit.
672 4585 716 4648 0.,
730 4585 850 4651 promisit.
886 4586 929 4646 V.,
943 4585 1089 4651 praemittit.

391 4702 395 4713 .
420 4663 441 4698 Π
455 4666 479 4732 J.
493 4665 569 4716 omits
579 4665 677 4718 inferre.
713 4668 744 4718 V.
759 4668 935 4734 O.,proponit
947 4667 1044 4718 inferre.
