3559 5442
304 682 652 745 PHILOSOPHJAE
676 681 782 742 cmv
799 678 1066 743 Tffaorocrr
1087 684 1341 745 ammaus.
1373 702 1387 763 5
1392 706 1409 763 ³

255 845 336 910 dum
375 847 464 929 quod
502 845 575 909 libri
617 865 731 908 eorum
773 843 870 906 nobis
912 844 1135 911 manifestant.
1194 847 1240 909 Et
1277 847 1321 910 ita
1360 857 1412 910 est

253 949 296 1012 de
318 951 410 1013 omni
434 959 590 1013 creatura.
638 947 849 1032 Impossibile
871 947 960 1011 enim
983 943 1035 1011 est
1063 949 1154 1031 quod
1184 950 1286 1014 homo
1316 951 1413 1014 sciret

251 1055 426 1117 veritatem
453 1062 623 1116 creaturae
651 1051 815 1127 ultimam,
841 1052 1025 1116 secundum
1055 1073 1156 1134 quarn
1188 1055 1348 1137 accipitur
1377 1056 1411 1117 in

253 1156 424 1240 scriptura,
454 1156 517 1219 nisi
555 1155 653 1218 suerit
690 1153 877 1237 specialiter
914 1175 934 1216 a
972 1154 1048 1217 Deo
1085 1155 1275 1220 illustratus.
1321 1157 1410 1220 Nam

252 1269 424 1321 creaturae
446 1257 654 1340 accipiuntur
676 1255 721 1318 ibi
745 1264 880 1339 propter
902 1256 1057 1319 veritates
1080 1257 1207 1339 gratiae
1228 1267 1262 1321 et
1288 1257 1412 1341 gloriae

252 1360 440 1438 eliciendas,
454 1381 539 1442 quas
553 1357 742 1442 philosophi
763 1357 982 1435 nesciverunt,
996 1368 1030 1421 et
1051 1359 1126 1421 ideo
1144 1360 1187 1422 ad
1208 1368 1411 1443 potestatem

253 1463 406 1526 ultimam
434 1463 616 1546 sapientiae
646 1469 870 1524 creaturarum
901 1481 969 1523 non
999 1472 1169 1541 venerunt,
1202 1464 1287 1526 sicut
1318 1484 1412 1526 sacra

253 1564 416 1646 scriptura
430 1583 505 1626 eam
521 1563 554 1625 in
571 1563 639 1625 suis
655 1561 804 1624 continet
818 1561 1005 1624 visceribus.
1054 1563 1155 1627 Unde
1175 1571 1248 1626 tota
1267 1563 1411 1646 philoso

253 1668 351 1751 phiae
373 1669 477 1730 virtus
497 1667 587 1748 jacet
610 1666 642 1727 in
666 1685 764 1728 sensu
788 1663 906 1727 literali
929 1666 1030 1728 sacris
1053 1667 1218 1748 mysteriis
1237 1668 1363 1750 gratiae
1378 1677 1412 1731 et

252 1771 378 1855 gloriae
408 1770 573 1847 decorata,
602 1779 763 1852 tanquam
794 1767 995 1849 quibusdam
1022 1769 1157 1852 picturis
1187 1781 1221 1833 et
1247 1769 1413 1834 coloribus

253 1875 468 1938 nobilissimis
483 1873 645 1938 redimita.

680 2163 906 2230 CAPnuLuM
932 2164 991 2228 IX.

298 2357 344 2420 Et
367 2357 431 2420 hoc
453 2355 572 2419 ultimo
586 2354 773 2418 confirmari
796 2363 909 2438 potest
931 2375 991 2437 per
1013 2355 1076 2419 hoc
1091 2356 1182 2437 quod
1198 2355 1324 2420 eisdem
1341 2376 1413 2439 per-

254 2463 344 2524 sonis
357 2461 438 2524 data
449 2470 500 2524 est
510 2459 742 2549 philosophiae
759 2459 943 2542 plenitudo,
954 2460 1075 2542 quibus
1088 2471 1121 2523 et
1134 2461 1189 2522 lex
1203 2461 1277 2538 Dei,
1288 2461 1414 2524 scilicet

254 2567 377 2629 sanctis
400 2565 595 2648 patriarchis
621 2573 655 2626 et
679 2563 850 2646 prophetis
873 2584 893 2626 a
920 2564 1037 2627 mundi
1060 2565 1230 2648 principio.
1276 2565 1323 2628 Et
1345 2585 1413 2627 non

253 2670 361 2734 solum
377 2680 428 2733 est
444 2669 666 2733 necessarium
683 2677 818 2752 propter
834 2668 1009 2731 articulum
1026 2669 1083 2750 qui
1099 2669 1152 2731 hic
1169 2678 1339 2746 tractatur,
1354 2670 1412 2731 sed

253 2783 505 2858 proptertotum
515 2773 688 2854 negotium
698 2771 881 2853 sapientiae
891 2771 1149 2836 certificandum.
1188 2772 1276 2835 Nam
1290 2773 1414 2866 impos·

253 2877 347 2941 sibile
363 2877 424 2939 fuit
446 2877 573 2940 homini
589 2877 632 2940 ad
651 2875 819 2956 magnalia
835 2875 1048 2938 scientiarum
1065 2884 1099 2938 et
1121 2875 1241 2938 artium
1258 2875 1414 2938 devenire

254 3002 312 3064 per
334 3001 378 3057 se,
398 2978 456 3043 sed
480 2988 611 3063 oportet
633 2979 724 3060 quod
747 2978 899 3042 habuerit
923 2977 1169 3053 revelationem,
1184 2999 1251 3060 qua
1273 2978 1415 3062 probata

253 3081 334 3144 nihil
360 3081 461 3145 debet
485 3083 573 3165 apud
601 3101 662 3143 nos
687 3081 832 3144 dubitari
854 3083 898 3144 de
920 3082 1049 3143 arcanis
1072 3083 1254 3165 sapientiae
1276 3082 1414 3165 repertis

254 3185 344 3269 apud
360 3195 521 3263 auctores,
536 3184 709 3268 quamvis1
733 3206 794 3248 nos
817 3185 850 3248 in
870 3184 934 3248 illis
950 3185 1108 3248 fuerimus
1125 3187 1299 3270 inexperti.
1344 3186 1413 3251 Sed

254 3290 382 3354 nullum
399 3290 582 3372 capitulum
599 3289 794 3372 sapientiale
810 3299 861 3352 est
877 3290 962 3352 tanti
979 3288 1102 3353 laboris
1124 3291 1209 3352 sicut
1229 3301 1279 3354 est
1295 3292 1414 3354 certifi-

253 3395 342 3458 catio
367 3394 468 3475 hujus
495 3394 549 3472 rei,
575 3393 731 3475 eoquod
762 3403 814 3456 est
839 3414 999 3476 magnum
1027 3393 1282 3458 fundamentum
1309 3397 1413 3458 totius

198 3573 203 3580 Ι
253 3498 558 3581 comprehensionis
594 3499 769 3574 humanae,
809 3506 910 3579 atque
947 3497 1200 3560 contrarietates
1240 3508 1274 3561 et
1311 3500 1414 3563 dubia

254 3601 479 3685 multipliciter
505 3602 726 3664 intercurrunt
735 3599 755 3678 ²,
782 3609 816 3662 et
846 3609 979 3682 oportet
1003 3609 1154 3663 auctores
1181 3611 1215 3664 et
1244 3601 1414 3666 volumina

253 3705 480 3770 abundantius
503 3705 625 3768 revolvi
642 3724 744 3786 quam
762 3725 822 3788 pro
837 3703 949 3786 aliquo
965 3704 1030 3767 alio
1053 3704 1201 3781 articulo
1217 3706 1274 3787 qui
1290 3707 1323 3768 in
1340 3715 1414 3770 toto

253 3809 436 3893 sapientiae
463 3809 574 3872 studio
600 3807 710 3872 valeat
737 3808 879 3890 reperiri.
926 3808 1013 3870 Dico
1040 3808 1142 3889 igitur
1167 3809 1260 3890 quod
1285 3809 1411 3873 eisdem

253 3913 403 3996 personis
419 3933 439 3975 a
455 3912 531 3974 Dco
546 3911 627 3974 data
641 3920 692 3974 est
708 3921 858 3994 potestas
881 3911 1122 3994 philosophiae,
1137 3912 1258 3993 quibus
1270 3922 1303 3974 et
1319 3933 1413 3975 sacra

253 4011 423 4099 scriptura,
445 4016 570 4079 scilicet
593 4016 716 4078 sanctis
739 4014 782 4077 ab
805 4015 910 4089 initio,
934 4023 971 4077 ut
994 4015 1040 4077 sic
1064 4024 1224 4099 appareat
1246 4036 1313 4078 una
1340 4035 1412 4080 esse

253 4120 416 4204 sapientia
441 4117 609 4202 completa
633 4119 823 4182 hominibus
854 4119 1048 4183 necessaria
1093 4117 1164 4183 Soli
1190 4119 1279 4181 enim
1311 4120 1411 4202 patri-

253 4224 371 4288 archae
382 4233 416 4286 et
429 4223 611 4306 prophetae
622 4223 753 4285 fuerunt
763 4222 831 4284 veri
841 4221 1031 4304 philosophi
1044 4222 1100 4303 qui
1113 4221 1226 4284 omnia
1238 4222 1413 4298 sciverunt,

252 4325 398 4391 scilicet³
413 4347 480 4391 non
496 4326 604 4388 solum
621 4326 728 4408 legem
747 4325 821 4398 Dei,
836 4323 894 4388 sed
911 4345 1027 4387 omnes
1043 4334 1153 4407 partes
1172 4324 1411 4407 philosophiae.

254 4433 329 4496 Hoc
341 4431 430 4494 enim
446 4430 518 4514 ipsa
534 4430 648 4493 sacra4
663 4429 826 4512 scriptura
841 4428 937 4492 nobis
953 4429 1056 4491 satis⁵
1070 4427 1241 4492 evidenter
1256 4430 1412 4510 ostendit,

283 4608 293 4641 ¹
310 4609 342 4662 Ο.
356 4625 406 4659 orn.
419 4606 697 4673 quamvis-inerperti.
912 4603 924 4636 ²
940 4605 983 4667 0.‚
997 4605 1198 4658 intercurrerunt.

283 4690 294 4724 ³
311 4691 342 4742 Ο.
357 4707 407 4742 om.
421 4691 523 4742 scilicet.
634 4688 645 4720 ⁴
662 4689 704 4752 0.,
720 4697 812 4741 nostra
914 4687 974 4753 ⁶J.,
988 4689 1047 4738 satis
1058 4688 1140 4739 nobis.
