3559 5442
280 657 628 718 PHILOSOPHIAE
651 657 758 718 CUM
775 656 1042 718 THEOLOGIA
1064 654 1318 718 AFFINITAS.
1349 670 1387 732 59

229 827 380 902 tempore
398 819 594 884 Abimelech
609 819 736 900 Judicis
752 817 889 900 Troiam
905 817 1049 882 vastavit
1058 817 1078 894 ¹,
1094 826 1128 883 et
1148 818 1233 904 pilas
1255 837 1332 880 suas
1355 816 1388 882 in

233 923 330 986 India
343 925 469 1002 statuit,
484 933 518 987 et
533 924 566 987 in
584 922 734 988 Gadibus
750 921 922 987 columnas
938 923 1055 1000 erexit,
1069 931 1103 986 et
1117 922 1268 986 dolorem
1284 922 1391 985 morbi

231 1048 298 1090 non
316 1028 425 1091 ferens
444 1029 590 1111 seipsum
607 1038 757 1110 tempore
776 1027 942 1110 Jephthae
956 1026 1083 1109 Judicis
1098 1027 1266 1101 cremavit,
1280 1035 1318 1088 ut
1333 1045 1392 1108 per

230 1131 459 1214 Augustinum
483 1142 517 1194 et
540 1133 630 1196 dicta
652 1131 806 1195 chronica
829 1129 1051 1195 confirmatur.
1097 1131 1151 1194 De
1165 1131 1229 1194 hoc
1248 1129 1392 1194 Hercule

229 1235 377 1300 secundo
403 1245 538 1320 propter
561 1236 624 1300 hoc
649 1235 785 1312 narravi,
807 1235 886 1318 quia
908 1235 992 1299 alius
1015 1235 1077 1299 luit
1101 1234 1264 1299 Hercules
1288 1255 1392 1316 prope

228 1348 363 1422 tempus
388 1340 544 1403 Mercurii
567 1339 710 1421 majoris,
726 1339 782 1422 qui
806 1358 923 1422 parum
946 1348 1023 1421 post
1041 1359 1119 1402 eum
1142 1338 1213 1413 luit,
1228 1349 1266 1402 ut
1280 1346 1392 1401 narrat

227 1444 448 1526 Augustinus
496 1445 541 1507 Et
557 1453 633 1528 post
649 1463 725 1506 eum
742 1443 803 1506 fuit
819 1442 943 1519 tertius,
959 1443 1016 1526 qui
1031 1452 1199 1506 certamen
1216 1441 1391 1524 Olympia-

227 1568 304 1610 cum
321 1548 503 1626 constituit,
519 1547 609 1630 quod
625 1547 849 1611 intermissum
873 1545 959 1610 filius
975 1546 1047 1628 ejus
1063 1544 1183 1610 Picus²
1197 1545 1392 1609 instauravit

228 1660 305 1734 post
336 1652 507 1723 excidium
539 1651 662 1734 Trojae
691 1672 782 1714 anno
815 1649 1166 1733 quadringentesimo⁸
1196 1659 1324 1724 octav0,
1354 1659 1392 1712 ut

118 1835 125 1841 ,
229 1755 363 1821 Solinus
386 1757 508 1821 scribit.
555 1756 656 1821 Unde
672 1756 767 1818 multi
783 1755 916 1838 decepti
932 1755 1072 1832 fuerunt,
1088 1775 1191 1818 unum
1211 1752 1390 1817 Herculem

227 1860 453 1938 aestimantes,
463 1860 519 1942 qui
532 1861 645 1924 omnia
659 1860 793 1923 iecerit⁴
809 1879 894 1942 quae
906 1859 949 1922 de
961 1858 1109 1941 pluribus
1121 1859 1244 1941 scripta
1255 1867 1342 1933 sunt,
1354 1865 1392 1919 ut

227 1964 309 2027 dicit
337 1965 556 2047 Augustinus.
602 1964 762 2029 Similiter
787 1973 932 2027 erratum
959 1972 1010 2026 est
1036 1963 1079 2026 de
1105 1963 1168 2026 hoc
1192 1962 1392 2047 philosopho

228 2067 395 2150 Apolline.
443 2069 531 2130 Nam
547 2089 673 2142 omnes
689 2077 726 2130 ut
748 2068 829 2131 dicit
853 2067 1073 2150 Augustinus,
1087 2067 1265 2131 aestimant
1280 2068 1389 2150 ipsum

228 2173 328 2236 fuisse
348 2173 442 2236 illum
458 2173 515 2255 qui
532 2194 591 2256 pro
607 2173 672 2236 <leo
693 2173 727 2235 in
745 2172 850 2235 Delos
873 2170 981 2234 insula
1004 2171 1182 2248 colebatur,
1205 2170 1391 2253 tanquam⁵

227 2296 314 2340 unus
330 2286 363 2339 et
379 2277 467 2340 idem
484 2286 580 2352 esset,
596 2276 690 2357 cujus
705 2276 908 2340 contrarium
931 2275 1141 2339 ostenditur⁰
1163 2274 1276 2338 multis
1300 2275 1390 2338 testi-

228 2381 358 2444 moniis
415 2381 503 2444 Nam
531 2381 586 2444 ille
613 2381 738 2464 Apollo
764 2379 821 2462 qui
848 2381 881 2442 in
909 2379 1044 2464 templis
1070 2379 1173 2442 dabat
1198 2379 1391 2442 testimonia

227 2484 394 2548 invenitur
416 2485 535 2548 saltem
559 2484 769 2568 respondisse
791 2484 929 2566 quando
952 2484 1060 2566 primo
1088 2484 1176 2546 sacta
1201 2492 1253 2546 est
1274 2483 1390 2546 civitas

228 2587 440 2650 Athenarum
453 2587 512 2650 ut⁷
527 2588 673 2664 Athena,
687 2607 773 2668 quae
785 2596 836 2650 est
848 2587 1011 2663 Minerva,
1023 2609 1083 2670 pro
1099 2587 1163 2649 dea
1177 2586 1348 2663 coleretur,
1357 2595 1391 2648 et

227 2691 325 2754 ideo8
340 2692 394 2754 hic
412 2691 629 2775 philosophus
652 2712 720 2754 non
744 2685 960 2774 potestesse,
982 2693 1039 2774 qui
1063 2686 1122 2773 pro
1138 2690 1202 2754 deo
1225 2690 1391 2773 Delphico

227 2795 405 2859 colebatur.
452 2796 520 2861 Sed
544 2789 754 2859 secundum9'
774 2794 863 2879 quod
887 2795 968 2858 dicit
992 2795 1212 2878 Augustinus,
1227 2795 1290 2857 suit
1305 2790 1391 2857 filius

229 2901 389 2976 Latonae,
412 2901 507 2981 cujus
529 2920 621 2963 soror
645 2901 764 2963 Diana.
811 2900 857 2962 Et
882 2893 1029 2963 lsidorirs
1052 2909 1172 2962 octavo
1194 2899 1278 2961 libro
1301 2896 1390 2962 idem

228 3004 318 3069 dicit.
363 3004 524 3069 Similiter
553 3025 619 3068 non
651 3004 781 3068 videtur
810 3025 882 3066 esse
913 3003 966 3066 ille
995 3003 1038 3068 de
1068 2997 1136 3086 nuo
1164 3005 1391 3085 Hieronymus

228 3108 342 3171 scribit
373 3109 406 3171 in
438 3109 593 3192 Epistola
623 3107 666 3171 ad
705 3109 881 3176 Paulinum
913 3129 999 3190 quae
1031 3107 1146 3171 Bibliis
1176 3107 1391 3191 praeponitur

229 3213 434 3275 Latinorum.
497 3212 586 3276 Nam
618 3213 673 3275 ille
705 3213 889 3275 Hiarchum
921 3213 1046 3275 invenit
1076 3213 1109 3274 in
1141 3233 1241 3284 aureo
1270 3212 1391 3274 throno

227 3317 400 3379 sedentem
430 3325 464 3378 et
487 3316 674 3392 docentem,
700 3317 757 3399 qui
787 3317 955 3380 Hiarchus
980 3316 1100 3380 dicitur
1126 3312 1199 3379 esse
1225 3315 1391 3380 Abrachis

227 3430 447 3497 astronomus
457 3421 513 3501 qui
530 3430 606 3505 post
622 3430 763 3483 mortem
783 3420 969 3483 Alexandri
987 3421 1099 3503 magni
1112 3421 1183 3494 suit,
1195 3421 1281 3483 sicut
1293 3420 1392 3484 docet

228 3524 440 3588 Ptolemaeus
456 3525 489 3587 in
506 3525 703 3607 Almagesti.
743 3526 789 3587 Et
805 3523 880 3587 ideo
896 3524 1079 3588 secundum
1096 3525 1160 3587 hoc
1176 3535 1242 3587 tres
1259 3525 1392 3587 fuerunt

228 3628 413 3710 Apollines,
434 3629 519 3691 sicut
546 3628 715 3693 Hercules.
762 3625 895 3691 Deinde
918 3628 981 3690 sub
1005 3628 1156 3693 Gideone
1180 3628 1335 3711 Orpheus
1358 3637 1391 3691 et

225 3733 333 3795 Linus
345 3731 532 3797 claruerunt
542 3727 575 3807 1⁰,
591 3733 774 3796 secundum
787 3734 878 3815 quod
896 3732 989 3795 Beda
1005 3733 1110 3795 refert.
1148 3730 1196 3795 Et
1212 3732 1254 3808 hi,
1267 3733 1392 3796 scilicet

227 3833 404 3918 Amphion
426 3846 461 3899 et
484 3836 639 3919 Orpheus
662 3849 696 3900 et
721 3837 825 3900 Linus
849 3845 883 3899 et
906 3836 1098 3918 hujusmodi
1121 3837 1172 3899 sui
1195 3837 1355 3919 temporis
1367 3835 1392 3874 ¹¹

226 3940 305 4003 dicti
322 3950 401 4003 sunt
424 3949 544 4023 poetae
567 3940 722 4023 theologi,
745 3940 930 4004 secundum
954 3940 1043 4022 quod
1069 3941 1280 4023 Augustinus
1302 3940 1390 4016 dicit,

226 4065 265 4106 eo
293 4044 384 4126 quod
409 4045 483 4107 Diis
506 4046 655 4108 carmina
678 4045 863 4122 faciebant3
891 4044 1075 4107 secundum
1100 4044 1253 4126 Solinum
1277 4053 1390 4106 autern

227 4147 418 4211 Nicostrate
426 4147 451 4186 12
467 4158 575 4212 mater
590 4149 739 4212 Evandri
755 4149 841 4231 regis
864 4149 1009 4211 Romani
1026 4147 1118 4211 dicta
1133 4158 1183 4210 est
1199 4169 1219 4210 a
1233 4148 1390 4210 vaticinio

257 4332 266 4365 ¹
284 4333 328 4393 0.,
339 4333 486 4384 devastavit.
824 4331 835 4363 ²
853 4333 884 4384 Ο.
899 4349 949 4382 om.
961 4333 1047 4384 Picus.

257 4414 527 4480 ³O.,quadringenti.
824 4413 896 4475 *V.,
909 4415 995 4465 sencit
1032 4413 1184 4476 O.,iecerit.

256 4496 266 4528 ¹⁵
283 4499 326 4558 V.,
343 4506 373 4547 et.
380 4504 507 4562 tanquam.
544 4498 576 4549 O.
591 4515 640 4549 om.
655 4507 688 4549 et.
822 4494 833 4528 ⁶
849 4499 892 4560 V.,
906 4497 1024 4548 ostendit.
1061 4497 1105 4558 0.,
1119 4497 1265 4548 ostenditur.

256 4579 326 4641 70.,
340 4587 369 4629 ut
378 4580 489 4632 Athena.
525 4581 556 4631 V.
571 4597 620 4630 om.
635 4589 670 4630 ut.
822 4578 881 4630 8Ο.
897 4595 946 4628 om.
961 4579 1027 4630 ideo.
1158 4609 1161 4616 ·
1193 4577 1263 4641 ’0.,
1277 4580 1352 4632 istud.

245 4660 265 4693 ¹⁰
282 4662 325 4724 0.,
340 4662 448 4714 fuerunt.
504 4660 523 4693 ¹1
540 4662 583 4724 0.,
598 4679 643 4713 suo
654 4672 775 4728 tempore.
811 4659 832 4701 ¹²
847 4664 891 4724 V.,
905 4662 1067 4712 Nicostrates
1093 4661 1367 4726 O.,incostrates[sicl
