3559 5442
288 650 637 712 PHILOSOPHIAE
661 652 767 712 CUM
785 653 1053 714 THEOLOGIA
1076 652 1328 713 AFFINJTAS
1355 670 1396 730 39

232 811 287 893 jus
303 822 355 876 est
370 812 519 876 divinum
537 812 579 875 de
594 813 751 877 thesauro
772 834 884 878 sacrae
908 815 1090 898 scripturae
1111 815 1304 880 eruendum.
1347 817 1394 879 Et

234 917 297 980 hoc
313 918 527 981 manifestum
544 927 594 981 est
610 917 832 981 consideranti
850 927 961 1002 partes
977 919 1060 1002 juris
1076 920 1235 982 canonici
1283 919 1394 982 Nam¹

233 1018 388 1083 ordinat¹
418 1019 541 1103 gradus
560 1020 865 1085 ecclesiasticorum
889 1021 1084 1099 officiorum,
1106 1022 1157 1084 vel
1184 1034 1393 1085 sacramenta

235 1123 299 1186 Dei
327 1122 536 1200 determinat,
558 1122 610 1186 vel
637 1124 744 1187 sorum
768 1124 992 1187 conscientiae
1018 1125 1164 1202 discutit,
1190 1135 1250 1188 aut
1276 1145 1394 1188 causas

233 1227 472 1291 ecclesiasticas
489 1226 661 1291 descindit
708 1229 776 1293 Sed
800 1229 918 1291 horum
942 1230 1092 1292 omnium
1116 1229 1243 1292 radices
1265 1238 1299 1292 et
1321 1230 1394 1312 ipsa

235 1331 338 1414 stipes
376 1339 486 1393 erecta
523 1331 613 1414 apud
652 1351 780 1394 sacram
818 1333 1015 1415 scripturam
1047 1333 1273 1416 reperiuntur;
1309 1334 1393 1395 rami

235 1454 313 1496 vero
343 1454 445 1516 penes
479 1435 687 1517 expositores
718 1435 878 1516 ejusdem,
905 1446 943 1498 ut
968 1436 1001 1497 in
1035 1435 1224 1499 canonum³
1256 1456 1394 1519 corpore

236 1536 314 1600 lolia
336 1537 433 1602 flores
459 1547 493 1601 et
515 1537 640 1601 fructus
666 1538 825 1601 salutiferi
850 1540 1024 1622 capiantur
1034 1539 1055 1602 ⁴.
1100 1539 1188 1602 Nam
1212 1539 1395 1602 sermonis⁵

235 1641 384 1704 canonici
408 1642 518 1705 suavis
540 1650 676 1704 ornatus
692 1642 778 1704 loliis
793 1641 1026 1725 comparatur⁶
1048 1643 1232 1706 secundum
1255 1644 1393 1726 scriptu-

235 1765 314 1823 ram,
330 1745 448 1808 florum
472 1757 584 1809 autem
600 1755 634 1809 et
650 1746 815 1809 fructuum
832 1748 961 1810 utilitas
974 1746 1036 1810 sub
1052 1748 1185 1830 propria
1199 1747 1395 1831 metaphora

233 1848 403 1932 praedicta
426 1858 569 1932 quatuor
590 1850 851 1932 comprehendit.
898 1851 945 1915 Et
965 1850 1040 1914 ideo
1059 1872 1203 1914 canones
1226 1873 1294 1914 non
1317 1861 1395 1915 sunt

234 1953 296 2015 nisi
319 1952 441 2015 culmi⁷
464 1963 614 2035 segetum
638 1953 738 2030 aurei,
753 1963 787 2017 et
808 1952 964 2037 palmites
986 1976 1125 2018 uvarum
1143 1956 1314 2017 maturitio
1335 1976 1395 2038 per

233 2057 389 2120 virtutem
416 2057 598 2139 scripturae
620 2077 699 2120 suae
721 2057 890 2121 offerendi.
948 2057 1117 2141 Quoniam
1145 2059 1246 2140 igitur
1270 2059 1318 2122 ita
1343 2068 1395 2123 est

230 2161 285 2243 jus
301 2160 497 2224 canonicum
514 2159 577 2223 sub
593 2169 759 2243 potestate
775 2162 957 2245 scripturae
973 2162 1004 2225 in
1023 2183 1091 2226 uno
1106 2183 1244 2245 corpore
1265 2165 1395 2227 contin-

233 2275 313 2342 etur,
331 2265 416 2327 sicut
432 2264 551 2326 unius8
566 2265 691 2327 arboris
707 2286 827 2348 corpus
843 2287 887 2329 ex
904 2265 1069 2329 radicibus
1092 2275 1126 2329 et
1149 2266 1272 2349 stipite,
1286 2267 1395 2343 ramis,

233 2368 369 2432 floribus
384 2377 417 2432 et
434 2367 594 2432 fructibus
610 2370 835 2436 constituitur.

646 2766 872 2832 Cnrrrunurr
898 2766 983 2831 ΙΙΙ.9

277 2973 378 3057 Quod
394 2983 506 3038 autem
522 2972 753 3058 philosophiae
768 2983 918 3057 potestas
931 2995 997 3037 non
1013 2974 1057 3036 sit
1072 2973 1180 3036 aliena
1196 2994 1215 3036 a
1232 2974 1296 3037 Dei
1308 2974 1394 3056 sapi-

232 3080 322 3142 entia
334 3077 393 3142 sed
409 3079 442 3140 in
459 3079 531 3161 ipsa
543 3077 707 3153 conclusa,
721 3077 1005 3141 manifestandum
1017 3087 1068 3140 est
1083 3077 1154 3141 inr¹⁰
1168 3077 1344 3142 universali
1359 3089 1394 3144 et

231 3182 428 3265 particulari.
463 3182 561 3247 Nunc
571 3192 683 3245 autem
695 3203 754 3265 per
763 3183 978 3246 auctoritates
990 3191 1024 3245 et
1036 3182 1193 3265 exempla
1205 3192 1239 3246 et
1249 3183 1394 3246 rationes

232 3308 426 3351 communes
455 3287 518 3349 hoc
549 3284 725 3361 declarato,
751 3286 909 3369 deinceps
935 3285 1067 3362 uberius
1097 3286 1320 3370 explicabitur
1349 3291 1392 3354 ad

231 3398 373 3472 quatuor
394 3388 446 3453 vel
469 3391 616 3471 quinque
643 3398 755 3472 partes
778 3389 1008 3473 philosophiae
1034 3389 1270 3453 descendendo
1294 3389 1394 3471 juxta

231 3493 435 3576 singularum
459 3494 672 3556 scientiarum
696 3502 730 3555 et
752 3494 873 3578 artium
898 3502 1100 3576 potestatem
1111 3491 1143 3554 ¹⁰.
1202 3494 1238 3558 Si
1262 3495 1351 3557 enlm
1373 3515 1393 3557 a

231 3597 437 3680 philosophis
472 3607 633 3679 tanquam
667 3595 799 3678 injustis
833 3597 1079 3679 possessoribus
1117 3618 1232 3679 rapere
1269 3597 1394 3661 debent

233 3700 410 3766 Christiani
423 3701 527 3780 utilia,
539 3722 625 3784 quae
642 3701 674 3764 in
691 3701 782 3763 libris
794 3722 909 3764 eorum
925 3702 1147 3778 continentur,
1161 3702 1247 3764 sicut
1256 3701 1282 3740 ¹¹
1297 3702 1392 3784 tetigi

232 3826 251 3868 a
266 3805 430 3888 principio
452 3826 510 3888 per
525 3806 725 3869 sententiam
745 3806 935 3887 Augustini,
951 3814 1045 3887 patet
1068 3806 1158 3886 quod
1182 3805 1420 3888 philosophias.
1435 3815 1468 3877 84
1478 3815 1537 3880 ofJ.

232 3919 281 3972 est
297 3908 464 3992 condigna
480 3919 513 3973 et
532 3910 664 3993 propria
674 3908 699 3946 ¹²
714 3929 827 3972 sacrae
842 3909 980 3973 veritati.
1027 3909 1108 3972 Et¹³
1123 3910 1156 3972 in
1172 3908 1291 3972 eodem
1308 3909 1391 3974 libro
1405 3881 1492 3955 ΡΨ
1503 3882 1580 3942 here3

1404 3955 1424 3995 rt
1435 3962 1456 3995 rs
1466 3962 1493 3996 as
1504 3946 1596 4011 imper-

262 4077 271 4110 ¹
290 4079 332 4140 O.,
347 4095 405 4128 nam
417 4079 465 4132 vel.
652 4077 663 4108 ¹
679 4079 709 4128 V.
730 4078 773 4140 O.,
787 4078 913 4131 ordinant.
1100 4076 1111 4109 ³
1128 4080 1171 4137 O.,
1182 4078 1208 4126 in
1219 4094 1324 4129 canone.

263 4160 274 4192 ⁴
291 4161 334 4222 O.,
347 4161 487 4225 capiuntur.
652 4159 662 4191 ¹
680 4161 723 4223 O.,
736 4177 871 4211 sermones,
1103 4158 1114 4190 ⁶
1131 4161 1173 4223 O.,
1188 4168 1374 4225 comparantur.

262 4243 323 4308 ⁷J.,
337 4243 413 4295 cubii.
651 4240 662 4274 ⁸
676 4242 712 4306 J.,
724 4242 776 4292 uni.

263 4323 324 4390 ⁹J.,
337 4325 447 4375 Rubric:
466 4323 610 4390 Capitulum
625 4325 726 4375 tertium
742 4325 769 4374 in
779 4340 831 4389 quo
847 4323 987 4374 ostenditur
1004 4323 1159 4388 propositum
1171 4323 1347 4375 descendendo
1358 4327 1391 4377 ad

229 4407 414 4473 philosophiam
426 4413 451 4457 et
461 4407 511 4458 hoc
522 4423 567 4472 per
578 4406 715 4457 sententias
726 4407 793 4456 beati
804 4405 938 4470 Augustini
950 4405 1126 4471 principaliter.

261 4488 281 4520 ¹⁰
299 4489 330 4540 Ο.
345 4506 394 4540 om.
409 4490 435 4539 in
446 4489 702 4539 universali-artium
713 4495 871 4554 potestatem.

185 4637 186 4644 ἵ
261 4571 280 4602 ¹¹
298 4571 342 4636 O.,
354 4571 417 4622 sicut
428 4571 489 4621 dicit
500 4572 664 4636 Augustinus,
1083 4567 1103 4599 ¹¹
1120 4570 1163 4633 O.,
1178 4586 1226 4620 om.
1242 4579 1267 4622 et
1278 4573 1387 4639 propria.

262 4653 282 4686 ¹³
300 4655 343 4717 O.,
358 4654 391 4704 Et
403 4654 493 4704 iterum
504 4653 530 4704 in
542 4654 607 4704 libro
618 4663 708 4704 octavo
720 4654 752 4704 de
763 4652 877 4704 doctrina
889 4651 1039 4704 Christiana.
