3559 5442
401 667 440 724 60
594 665 760 727 OPERIS
778 667 847 725 MA
842 665 979 746 JORIS
996 665 1116 726 PARS
1135 664 1365 727 SECUNDA.
1395 665 1400 670 ⁷

401 823 588 892 Carmentis
614 837 700 910 quae
726 828 759 891 in
787 827 1007 912 Capitoliln]o
1034 838 1149 891 monte
1175 829 1305 892 Romae
1320 827 1501 902 habitavit,
1524 834 1557 891 et

401 931 530 994 Latinis
560 932 667 1015 primo
696 932 807 995 literas
837 932 937 995 dedit.
998 933 1044 995 Et
1077 936 1140 994 hoc
1173 940 1211 995 ut
1245 933 1338 995 Beda
1368 932 1466 995 refert
1497 932 1558 995 suit

399 1045 549 1118 tempore
585 1036 655 1118 Jair
691 1035 817 1119 Judicis
856 1035 968 1114 Israel,
997 1037 1180 1100 secundum
1217 1036 1331 1099 tamen
1368 1037 1556 1098 chronicam

400 1137 651 1202 Cluniacensem
679 1141 741 1202 suit
768 1149 920 1223 tempore
942 1139 1064 1222 judicis
1090 1139 1168 1221 qui¹
1190 1149 1266 1222 post
1293 1139 1362 1222 Jair
1383 1142 1559 1202 transactis

398 1244 636 1326 septemdecim
667 1244 762 1306 annis
790 1242 982 1325 judicavitt
1035 1243 1103 1308 Sed
1137 1241 1179 1306 de
1210 1244 1274 1306 hoc
1305 1263 1372 1306 non
1406 1253 1457 1307 est
1487 1243 1560 1306 vis³

398 1359 559 1428 quantum
577 1349 619 1410 ad
636 1357 844 1430 praesentem
862 1348 1091 1412 intentionem.

464 1452 604 1534 Propter
618 1472 696 1514 vero
712 1450 856 1533 Sibyllas
873 1460 906 1514 et
926 1451 1075 1513 maxime
1091 1450 1323 1532 Erythraeam,
1338 1471 1424 1533 quae
1440 1471 1556 1513 omnes

397 1553 585 1636 praedictos
599 1563 633 1617 et
656 1554 842 1637 praedictas
866 1553 1016 1617 infideles
1039 1553 1314 1638 philosophantes
1330 1553 1429 1637 longe
1444 1574 1556 1636 super·

396 1678 509 1740 gressa
524 1667 583 1733 est,
598 1667 729 1743 oportet
745 1659 915 1721 excidium
932 1658 1054 1740 Trojae
1068 1657 1238 1720 certificari
1247 1657 1267 1722 ⁴.
1318 1657 1405 1738 Nam
1425 1657 1558 1740 Augus·

397 1762 485 1824 tinus
502 1761 600 1824 refert
615 1771 734 1825 octavo
750 1761 792 1824 de
812 1762 956 1826 Civitate
978 1762 1042 1825 Dei
1058 1762 1149 1844 quod
1166 1761 1262 1824 multi
1285 1771 1436 1825 auctores
1458 1762 1558 1844 scrip-

397 1875 510 1929 serunt
537 1886 611 1928 eam
638 1866 738 1929 luisse
765 1874 917 1948 tempore
944 1866 1081 1947 Trojani
1108 1864 1195 1939 belli,
1222 1865 1299 1927 licet
1325 1864 1380 1927 alii
1406 1873 1557 1948 tempore

398 1966 533 2029 Romuli
561 1976 594 2029 et
620 1967 760 2030 Achaz⁶
781 1968 834 2030 vel
858 1967 1024 2030 Ezechiae
1047 1968 1132 2049 regis
1154 1967 1252 2049 Juda‚
1274 1966 1460 2029 voluerint⁶
1482 1987 1556 2029 eam

397 2066 506 2144 luisse,
521 2077 558 2129 ut
574 2067 655 2130 dicit
679 2067 898 2149 Augustinus.
945 2066 1127 2130 Excidium
1150 2087 1228 2129 vero
1252 2066 1374 2147 Trojae
1397 2065 1459 2128 luit
1481 2075 1558 2128 ante

398 2170 581 2234 Romulum
609 2191 668 2254 per
690 2170 973 2254 quadringentos¹
999 2191 1112 2234 annos.
1159 2171 1247 2233 Nam
1276 2169 1409 2234 Solinus
1437 2169 1556 2251 probat

398 2275 542 2338 Romam
573 2274 695 2337 fuisse8
725 2275 896 2337 conditam
928 2273 1132 2356 Olympiade
1162 2275 1304 2356 septima
1334 2273 1556 2355 quadringen-

397 2379 517 2441 tesimo
542 2379 709 2442 tricesimo
735 2379 834 2441 tertio
864 2387 941 2461 post
967 2377 1090 2441 bellum
1122 2377 1315 2460 Trojanum,
1342 2377 1427 2439 sicut
1457 2376 1557 2440 docet

397 2482 567 2545 evidenter
587 2503 646 2565 per
670 2482 848 2546 Herculem
872 2491 906 2545 et
931 2482 1046 2545 Picum
1070 2481 1173 2544 filium
1197 2502 1293 2544 suum
1318 2480 1557 2563 supradictos⁹,

397 2595 431 2649 et
449 2607 507 2669 per
530 2585 620 2650 alios.
666 2586 711 2649 Et
734 2585 918 2648 secundum
945 2585 1171 2666 Augustinum
1195 2593 1314 2647 octavo
1324 2584 1349 2623 ¹⁰
1372 2584 1556 2666 praefat0¹⁰

396 2688 467 2751 vult
483 2688 573 2770 quod
590 2688 692 2770 Troja
707 2698 805 2772 capta
821 2689 863 2752 sit
876 2687 1047 2769 judicante
1065 2687 1238 2750 Hebraeos
1252 2686 1393 2750 Labdon
1403 2686 1427 2725 ¹¹
1444 2707 1556 2770 supra·

397 2793 496 2870 dicto,
507 2792 597 2855 unde
609 2793 642 2854 in
653 2793 814 2856 chronicis
827 2792 1101 2857 Cluniacensibus
1116 2791 1236 2855 dicitur
1250 2792 1339 2873 quod
1357 2791 1454 2861 tertio
1465 2813 1555 2855 anno

398 2897 499 2979 ipsius
517 2896 658 2961 Labdon
668 2896 693 2934 ¹¹
709 2896 812 2978 Troja
827 2906 926 2979 capta
941 2905 1000 2958 est.
1039 2894 1171 2959 Deinde
1180 2895 1206 2933 ¹2
1223 2905 1374 2977 tempore
1390 2895 1556 2960 Samuelis

397 3000 581 3064 secundum
604 3001 793 3063 chronicam
818 3000 1081 3076 Cluniacensem,
1104 2999 1162 3062 sed
1185 2999 1375 3083 expressius
1399 3001 1431 3062 in
1454 3001 1557 3081 gestis

398 3103 560 3185 majorum
585 3105 768 3182 Britonum,
786 3105 847 3166 fuit
872 3104 1041 3166 Homerus
1064 3113 1164 3185 poeta
1186 3103 1334 3166 famosus
1344 3101 1376 3167 ¹¹.
1423 3103 1556 3168 Deinde

400 3207 568 3271 Hesiodus
595 3208 811 3291 philosophus
837 3208 996 3270 successit
1025 3208 1176 3270 Homero
1205 3217 1284 3270 ante
1309 3208 1453 3270 Romam
1477 3229 1556 3271 con-

397 3312 512 3391 ditam,
535 3322 572 3375 ut
594 3313 640 3375 ait
664 3312 793 3375 Tullius
820 3311 854 3374 in
881 3311 966 3374 libro
989 3312 1031 3374 de
1056 3310 1316 3394 Quaestionibus
1347 3310 1556 3378 Tusculanis.

398 3416 443 3479 Et
456 3425 573 3499 postea
585 3415 813 3489 Archilochus
825 3424 986 3497 regnante
1000 3414 1153 3491 Romu10,
1163 3416 1248 3477 sicut
1260 3414 1383 3477 ibidem
1397 3415 1558 3493 scribitur,

396 3531 430 3583 et
446 3521 521 3584 ideo
530 3519 555 3558 ¹³
570 3531 720 3605 tempore
735 3519 851 3582 Achaz
867 3519 919 3581 vel
944 3519 1107 3582 Ezechiae
1124 3540 1239 3601 regum
1251 3519 1276 3557 ¹4
1290 3519 1386 3602 Juda‚
1432 3520 1522 3583 Nam
1533 3520 1559 3559 ¹⁵

396 3623 504 3708 primo
542 3645 631 3687 anno
663 3624 848 3687 Numitoris
882 3624 935 3686 avi
968 3623 1112 3700 Romuli,
1142 3623 1198 3704 qui
1233 3623 1295 3686 fuit
1328 3623 1465 3686 ultimus
1495 3645 1557 3690 rex

398 3727 607 3791 Albanorum
631 3729 664 3791 in
688 3727 794 3805 Italia,
810 3727 895 3790 sicut
919 3728 1130 3808 Augustinus
1153 3727 1244 3797 dicit,
1262 3726 1324 3790 suit
1347 3729 1458 3790 Roma
1480 3750 1560 3790 con-

396 3830 509 3896 dita1⁵.
577 3833 623 3896 Et
646 3831 721 3895 ideo
745 3831 842 3894 simul
868 3842 1090 3913 regnaverunt
1115 3831 1273 3894 Numitor
1295 3840 1329 3893 et
1355 3830 1426 3912 ejus
1454 3852 1560 3914 nepos

397 3934 569 4013 Romulus
592 3945 627 4000 et
649 3945 728 4000 tunc
752 3937 893 4001 cessavit
916 3957 1055 4019 regnum
1079 3945 1112 4000 et
1135 3956 1258 3998 nomen
1283 3935 1501 4012 Albanorum,
1525 3947 1561 4001 et

428 4080 437 4112 ¹
455 4082 487 4133 Ο.
501 4099 550 4132 om.
564 4081 615 4147 qui.
1030 4079 1042 4111 ¹
1058 4081 1090 4132 Ο.
1104 4098 1155 4130 om.
1166 4080 1296 4147 judicavit.

428 4163 439 4195 ³
456 4164 498 4225 0.,
512 4181 579 4215 cura.
1028 4163 1039 4194 ⁴
1055 4164 1098 4224 0.,
1111 4163 1187 4214 etiam
1199 4179 1244 4213 uos
1255 4162 1399 4214 certificare.

428 4246 488 4312 ¹J.,
501 4246 590 4297 Achai.
620 4248 663 4308 V.,
677 4247 779 4298 Achau.
810 4247 854 4311 0.,
867 4248 962 4300 Achai„
1027 4245 1099 4308 θ0.,
1113 4246 1252 4296 voluerunt.

428 4328 439 4361 '¹
455 4329 499 4389 0.,
511 4329 707 4394 quadringentos
717 4329 826 4395 triginta.
1027 4326 1038 4359 ⁸
1053 4328 1089 4393 J.,
1103 4328 1177 4378 fuisse
1188 4328 1324 4378 conditam.
1360 4328 1392 4379 V.
1406 4344 1456 4379 om.
1470 4329 1553 4382 fuisse.

428 4390 439 4422 υ
455 4411 488 4461 Ο.
501 4427 551 4462 om.
566 4411 730 4476 supradictos.
813 4440 818 4452 ·
1015 4409 1036 4442 ¹⁰
1052 4410 1096 4470 0.,
1109 4408 1136 4461 8ο
1147 4410 1180 4460 de
1192 4409 1299 4460 civitate
1311 4408 1369 4460 Dei.

417 4491 436 4524 ¹¹
452 4493 487 4558 J.,
502 4493 617 4544 Labdon.
652 4495 696 4555 V.,
711 4480 818 4547 labdon.
1017 4490 1415 4551 12Ο.,οιῐι.ΒιείιπΙο-ἰειιιιοειιε.

418 4571 438 4603 ¹³
455 4573 486 4624 Ο.
501 4590 551 4622 om.
564 4573 630 4626 ideo.
1018 4572 1038 4604 ¹⁴
1052 4573 1077 4638 J
1090 4574 1134 4637 V.,
1147 4589 1241 4637 regum.
1277 4572 1321 4636 0.,
1335 4573 1408 4638 regis.

417 4653 438 4686 ¹¹
454 4655 486 4706 Ο.
502 4671 551 4706 om.
567 4656 633 4705 Nam
645 4655 843 4721 primo-Roma
854 4656 964 4708 condita
