3559 5442
282 693 629 754 PHILOSOPHIAE
653 693 757 754 CUM
775 693 1042 754 THEOL'OGIA
1065 691 1319 752 AFFINITAS.
1349 710 1389 765 49

233 864 375 938 paratur,
391 856 574 918 secundum
592 855 821 938 Augustinum
838 855 871 918 in
888 853 999 937 glossa
1015 875 1114 938 super
1136 853 1240 917 illud1
1256 853 1390 928 Psalmi,

234 961 288 1022 Da
312 960 392 1022 mihi
416 960 629 1023 intellectum.
675 960 720 1022 Et
743 961 834 1040 quod
858 959 932 1043 plus
956 968 1016 1036 est,
1037 958 1109 1022 vult
1136 958 1286 1042 pluribus
1309 957 1389 1020 locis

231 1064 323 1146 quod
354 1085 421 1127 non
452 1064 685 1146 cognoscimus
715 1062 860 1144 aliquam
890 1063 1063 1126 veritatem
1094 1063 1156 1125 nisi
1186 1062 1219 1125 in
1249 1061 1390 1125 veritate

232 1168 379 1229 increata
401 1178 435 1229 et
459 1167 491 1229 in
515 1166 636 1248 regulis
659 1167 810 1243 aeternis
825 1176 858 1229 et
882 1165 946 1228 hoc
968 1164 1086 1228 saltem
1103 1163 1228 1228 habet²
1250 1164 1389 1245 intelligi

232 1269 383 1333 effective
405 1279 439 1333 et
461 1291 519 1353 per
535 1269 761 1344 influentiam3
784 1267 860 1332 licet
883 1269 1095 1351 Augustinus
1111 1289 1179 1332 non
1195 1266 1303 1330 solum
1326 1267 1389 1329 hoc

231 1373 319 1450 velit,
342 1373 401 1436 sed
428 1372 518 1435 aliud
545 1372 653 1436 innuit
679 1372 712 1434 in
735 1372 844 1434 verbis
870 1371 948 1447 suis,
974 1381 1109 1454 propter
1135 1369 1224 1454 quod
1251 1369 1389 1452 quidam

231 1477 436 1560 posuerunt³
462 1497 538 1540 eum
568 1477 694 1559 majora
724 1477 777 1539 hic
808 1477 939 1553 sentire,
962 1486 999 1539 ut
1028 1475 1131 1539 scitur
1159 1476 1389 1538 communiter.

233 1580 329 1664 Quae
352 1581 465 1644 omnia
487 1589 689 1647 attestantur
710 1580 743 1642 in
770 1581 833 1643 hoc
859 1579 951 1662 quod
978 1600 1083 1662 agens
1109 1578 1291 1662 principale
1317 1578 1390 1640 illu-

234 1685 365 1748 minans
381 1693 415 1747 et
430 1684 572 1747 influens
588 1683 794 1746 intellectum
812 1681 1004 1766 possibilem
1021 1691 1072 1746 est
1087 1681 1275 1745 substantia
1297 1702 1391 1764 sepa-

232 1798 312 1862 rata,
325 1788 388 1851 hoc
403 1798 454 1850 est
469 1788 540 1871 ipse
557 1788 657 1851 Deus.
693 1787 779 1852 Cum
792 1787 893 1870 igitur
906 1787 1000 1850 Deus
1012 1786 1246 1850 illuminaverit
1261 1786 1390 1848 animas

232 1905 346 1953 eorum
357 1891 389 1953 in
406 1891 626 1974 percipiendis
642 1890 837 1954 veritatibus
854 1889 1092 1974 philosophiae,
1110 1889 1324 1952 manifestum
1340 1897 1391 1950 est

232 1994 323 2077 quod
339 2014 453 2058 eorum
470 1994 563 2057 labor
575 2015 643 2057 non
659 2003 710 2056 est
725 1993 852 2057 alienus
868 2014 888 2056 a
904 1993 1069 2077 sapientia
1084 1992 1204 2057 divina

657 2283 883 2348 Cnprrucuu
907 2283 969 2347 VI.

297 2455 410 2519 Tertia
426 2476 526 2518 causa
542 2463 677 2538 propter
689 2475 790 2536 quam
807 2454 972 2537 sapientia
984 2453 1215 2537 philosophiae
1227 2451 1395 2517 reducitur

232 2560 276 2623 ad
306 2561 453 2622 divinam
484 2569 535 2622 est
561 2560 640 2640 quia
670 2579 737 2621 non
769 2558 877 2622 solum
910 2568 1041 2621 mentes
1071 2579 1185 2620 eorum
1217 2557 1394 2620 illustravit

234 2664 327 2727 Deus
350 2663 393 2726 ad
418 2655 570 2726 notitiam
598 2662 782 2746 sapientiae
804 2662 1052 2743 acquirendam,
1074 2661 1133 2723 sed
1156 2660 1199 2723 ab
1222 2681 1262 2724 eo
1286 2662 1392 2744 ipsam
1407 2667 1423 2716 f·
1438 2666 1557 2743 8,70fJ·‚

232 2767 429 2852 habuerunt,
445 2777 479 2829 et
494 2787 568 2829 eam
586 2766 649 2828 illis
670 2765 836 2843 revelavit,
859 2765 1046 2848 praestitit⁴
1069 2774 1103 2827 et
1126 2763 1227 2849 dedit.
1273 2763 1394 2828 Omnis
1406 2733 1589 2861 ζὲιξᾞξξξς

232 2873 330 2934 enim¹
351 2861 515 2954 sapientia
545 2891 565 2933 a
596 2870 745 2933 Domino
777 2871 851 2933 Deo
886 2879 938 2932 est
972 2870 1059 2931 sicut
1096 2867 1177 2930 dicit
1214 2867 1393 2931 auctoritas
1406 2863 1567 2977 imfehlsectlzs

233 2977 423 3059 scripturae,
438 2975 524 3056 quia,
542 2984 578 3038 ut
595 2975 641 3036 ait
658 2973 852 3056 Apostolus,
869 2972 961 3055 quod
984 2981 1103 3036 notum
1126 2981 1177 3034 est
1201 2972 1265 3034 Dei
1289 2972 1393 3054 mani·
1406 2935 1610 3057 ppwylingbeitng

233 3079 354 3142 festum
371 3079 471 3142 estin
488 3078 562 3152 illis,
578 3079 671 3140 Deus
693 3078 782 3140 enim
801 3075 863 3140 illis
887 3077 1045 3140 revelavit
1054 3077 1073 3139 ⁴.
1120 3077 1167 3139 Et
1184 3060 1611 3173 Αυςιιεῖίηιιςξιξξιῐι)1θῑῇἱῃθ8

233 3183 314 3246 dicit
330 3203 429 3266 super
443 3183 631 3264 Johannem
648 3182 739 3262 quod
764 3182 810 3243 eis
833 3182 999 3264 praestitit
1008 3181 1029 3258 ⁵,
1045 3190 1079 3244 et
1095 3180 1270 3244 summus⁶
1286 3179 1395 3243 Philo·
1408 3206 1451 3239 are
1462 3140 1567 3267 eiiiiely

233 3287 358 3370 sophus
371 3286 570 3349 Aristoteles
587 3287 619 3348 in
637 3286 721 3347 libro
733 3285 947 3351 Secretorum
963 3286 1080 3348 asserit
1096 3285 1271 3347 manifeste
1289 3293 1395 3347 totam
1408 3265 1527 3319 wannng.

233 3391 478 3474 philosophiam
496 3390 597 3453 fuisse
613 3411 632 3453 a
649 3391 723 3452 Deo
739 3389 854 3452 datam
878 3400 912 3453 et
935 3389 1127 3453 revelatam.
1173 3389 1219 3451 Et
1242 3409 1329 3452 unus
1353 3388 1402 3451 de‘

234 3496 392 3558 maximis
418 3494 692 3578 philosophorum
703 3491 723 3570 ⁷,
747 3493 871 3556 scilicet
896 3495 1031 3556 Marcus
1054 3493 1195 3570 Tullius,
1221 3494 1330 3576 primo
1352 3493 1396 3557 de

235 3599 497 3680 Quaestionibus
514 3597 712 3661 Tusculanis
728 3587 866 3680 quaerit,
883 3597 1098 3681 Philosophia
1114 3596 1195 3679 quid
1213 3605 1264 3659 est
1280 3596 1343 3659 nisi
1359 3607 1397 3660 ut

234 3703 330 3766 Plato
358 3702 495 3778 donum,
518 3712 556 3766 ut
586 3723 649 3785 ego
659 3701 679 3780 ⁸,
706 3703 878 3766 inventum
905 3703 996 3764 Dei?
1052 3700 1154 3766 Unde
1184 3701 1286 3764 etiam
1314 3700 1396 3764 dicit

234 3807 324 3889 quod
341 3827 403 3869 nec
420 3816 521 3890 poeta
536 3827 637 3889 grave
653 3807 856 3890 plenumque
872 3827 1005 3869 carmen
1030 3806 1102 3869 sine
1124 3805 1259 3868 coelesti
1282 3804 1396 3885 aliquo

235 3913 357 3974 mentis
373 3911 555 3974 instinctu⁹
569 3910 696 3973 effudit.
743 3911 788 3972 Et
804 3910 1018 3993 Augustinus
1041 3919 1161 3974 octavo
1184 3909 1227 3972 de
1251 3894 1395 3974 Civitate

235 4016 299 4078 Dei
322 4016 421 4078 docet
448 4025 481 4079 et
508 4014 672 4098 approbat
699 4013 788 4096 quod
817 4012 972 4077 Socrates
998 4024 1093 4096 pater
1120 4013 1394 4097 philosophorum

236 4140 433 4202 magnorum
465 4118 617 4193 firmavit,
644 4117 735 4199 quod
763 4138 831 4179 non
863 4126 976 4200 potest
1004 4118 1107 4180 homo
1136 4137 1254 4180 causas
1284 4136 1394 4178 rerum

236 4225 317 4286 scire
333 4223 395 4286 nisi
412 4224 445 4286 in
461 4223 535 4286 luce
551 4223 671 4297 divina,
687 4230 720 4285 θῖ
743 4241 802 4304 per
824 4220 951 4284 donum
975 4221 1056 4304 ejus,
1071 4231 1105 4285 et
1121 4220 1260 4303 quilibet
1283 4227 1396 4303 potest

266 4365 326 4417 1Ο.
340 4383 390 4417 om.
402 4383 476 4432 super
487 4366 556 4417 illud.
706 4362 866 4429 ²J.,habet.
902 4364 945 4423 V.,
958 4364 1061 4414 habent

266 4446 327 4512 8J.,
341 4449 520 4514 imposuerunt.
706 4445 766 4497 ⁴0.
791 4462 841 4496 om.
866 4446 991 4510 praestitit
1007 4455 1037 4496 et
1059 4444 1232 4495 dedit-Deus
1257 4444 1325 4495 enim
1346 4445 1397 4495 illis

267 4529 278 4560 ⁶
295 4531 338 4592 0.,
351 4530 476 4594 praestitit
487 4529 644 4594 sapientiam.
774 4527 901 4579 revelavit.

267 4609 278 4642 ⁰
295 4612 327 4663 Ο.
337 4628 387 4662 om.
398 4627 509 4661 summus
517 4611 687 4677 philosophus,
712 4608 723 4641 ⁷
741 4609 783 4669 0.,
798 4608 964 4674 philosophis.

267 4691 338 4755 ⁸0„
352 4701 380 4743 ut
392 4710 439 4758 ego
450 4694 533 4746 credo.
572 4731 575 4738 .
631 4749 632 4752 Ἴ
715 4689 786 4754 90,
800 4691 955 4743 instructu..

277 4786 375 4840 SUPP.
392 4787 475 4839 VOL.
809 4784 832 4833 E
