3559 5442
587 685 770 748 chusae
787 687 1000 748 arrosus
1350 706 1371 762 9

212 845 306 930 ipsa;
337 855 477 930 utraque
506 857 618 911 autem
649 867 762 912 earum
794 847 1011 931 impetuosior
1039 857 1091 912 est
1121 869 1237 912 sensus
1270 847 1371 930 vulgi.

167 971 170 977 ·
214 952 303 1016 Nam
330 952 509 1016 auctoritas
531 951 638 1014 solum
662 950 773 1027 allicit,
794 952 1002 1016 consuetudo
1027 951 1120 1033 ligat,
1141 953 1255 1035 opinio
1280 951 1384 1034 vulgi

212 1056 398 1120 obstinatos
421 1055 565 1138 paritet
587 1055 770 1120 confirmat.
831 1055 1051 1120 Consuetudo
1073 1055 1163 1118 enim
1185 1064 1237 1120 est
1266 1055 1371 1119 altera

212 1169 340 1234 natura,
356 1167 393 1221 ut
407 1158 493 1227 dicit
513 1157 733 1241 Philosophus
756 1157 812 1222 inl
835 1159 919 1222 libro
937 1160 980 1222 de
995 1158 1157 1222 memoria
1171 1167 1206 1222 et
1221 1159 1371 1222 reminis-

211 1262 330 1337 centia,
345 1271 379 1326 et
401 1263 434 1325 in
458 1261 542 1325 libro
564 1261 831 1344 problematum;
853 1271 888 1325 et
908 1261 984 1326 ideo
1000 1263 1163 1344 majorem
1177 1261 1369 1325 violentiam

212 1385 313 1445 quam
337 1365 516 1429 auctoritas
539 1363 674 1429 inducit.
728 1366 829 1430 Unde
853 1365 1075 1448 Philosophus
1098 1363 1250 1428 decimo²
1273 1365 1370 1428 Ethi-

100 1487 103 1493 ·
212 1489 326 1532 corum
356 1469 541 1532 sententiae
574 1467 739 1550 Jeremiae
768 1468 810 1532 de
847 1469 934 1552 pelle
964 1469 1172 1552 Aethiopum
1202 1467 1370 1541 adhaeret,

212 1571 336 1648 dicenS,
357 1572 447 1654 quod
474 1572 679 1656 impossibile
705 1581 756 1637 est
783 1573 834 1636 vel
862 1571 996 1636 difficile
1018 1593 1106 1648 eum,
1130 1572 1187 1655 qui
1210 1593 1270 1654 per
1290 1592 1369 1635 con-

211 1679 423 1742 suetudinem
450 1679 484 1742 in
512 1678 607 1742 malis
630 1679 804 1742 induratus
830 1687 891 1753 est,
918 1678 1040 1740 mutari
1064 1678 1107 1740 ad
1130 1676 1265 1740 bonum.
1322 1677 1369 1740 Et

213 1780 390 1843 Sallustius
412 1782 446 1844 in
468 1780 670 1863 Jugurthino
693 1801 828 1844 sensum
855 1780 1046 1846 Solomonis
1069 1780 1193 1862 profert
1215 1801 1291 1842 cum
1313 1781 1369 1856 ait,

211 1884 298 1948 ‘Ubi
314 1883 574 1950 adolescentiam
587 1884 742 1961 habuere,
752 1885 796 1948 ibi
809 1893 1016 1948 senectutem
1029 1887 1151 1966 agunt!
1193 1883 1370 1948 Sententia
1475 1975 1478 1980 ‚

211 1988 345 2069 quidem
362 1989 453 2071 vulgi
469 1990 606 2053 caeteris
621 1989 774 2071 improba
791 1989 898 2070 magis
913 1998 973 2053 est.
1019 1988 1108 2050 Nam
1124 1996 1162 2050 ut
1177 1988 1224 2050 ait
1240 1987 1369 2052 Seneca

211 2095 308 2155 tertio
330 2092 611 2157 declamationum
636 2092 728 2165 libro,
754 2092 958 2157 ‘Multitudo
979 2090 1082 2155 semel
1106 2100 1198 2155 mota
1228 2090 1366 2154 modum

210 2215 339 2260 servare
362 2217 430 2260 non
453 2196 601 2280 potest’;
633 2205 768 2279 propter
791 2200 881 2278 quod
908 2196 1079 2278 Johannes
1106 2195 1366 2276 Chrysostomus

210 2320 309 2382 super
325 2300 536 2364 Matthaeum
553 2299 642 2376 dicit,
654 2300 890 2365 Convenerunt
906 2309 944 2362 ut
960 2298 1172 2362 multitudine
1188 2299 1368 2373 vincerent,

209 2424 309 2485 quem
325 2404 454 2467 ratione
476 2423 631 2486 superare
654 2424 721 2467 non
745 2412 908 2487 poterant.
953 2403 999 2466 Et
1019 2401 1300 2466 considerandum
1315 2412 1366 2466 est

105 2537 108 2542 ·
209 2507 385 2588 diligenter
400 2507 490 2589 quod
505 2507 625 2589 vulgus
648 2508 838 2589 imperitum
855 2527 923 2570 non
939 2506 1047 2569 solum
1063 2506 1241 2570 violentius
1255 2515 1307 2570 est
1321 2506 1366 2569 ad

209 2612 457 2694 persuasionem
475 2611 553 2674 mali
569 2631 670 2693 quarn
687 2612 813 2694 reliqua
828 2610 906 2684 dun,
920 2609 979 2673 sed
996 2609 1129 2674 stultius
1144 2619 1195 2674 est
1210 2619 1245 2672 et
1260 2610 1365 2693 magis

207 2713 401 2795 elongatum
425 2734 445 2775 a
475 2712 540 2776 fine
570 2714 759 2797 sapientiae.
816 2713 906 2776 Nam
928 2713 1124 2796 exemplum
1154 2714 1366 2795 perfectionis

207 2815 348 2880 trahitur
363 2815 407 2879 ab
422 2815 534 2898 aliquo
557 2817 590 2878 in
613 2815 900 2889 consuetudinem,
916 2816 975 2880 sed
991 2815 1093 2899 vulgo
1108 2817 1230 2881 sufficit
1244 2826 1282 2880 ut
1297 2837 1364 2879 non

206 2928 302 2983 erret.
361 2919 401 2981 ln
428 2919 520 2982 nullo
546 2921 635 2984 enim
662 2929 751 2983 statu
780 2919 951 2982 Ecclesiae
973 2920 1153 3002 requiritur
1180 2920 1270 3002 quod
1293 2920 1364 3002 ejus

206 3024 443 3107 perfectionem
466 3033 580 3088 teneat
603 3024 790 3088 multitudo.
838 3024 927 3088 Nam
950 3026 1053 3088 etiam
1076 3023 1166 3107 apud
1193 3025 1366 3106 religiosos

206 3129 357 3210 paucitas
380 3127 494 3210 figitur
516 3129 550 3190 in
573 3137 688 3193 centro
713 3128 924 3210 perfectionis
951 3149 1039 3205 suae,
1066 3139 1100 3192 et
1125 3129 1305 3192 multitudo
1330 3129 1365 3192 in

205 3231 469 3296 circumferentia
490 3242 647 3314 vagatur3
670 3242 703 3296 et
719 3234 765 3297 sic
781 3242 832 3296 est
849 3234 881 3296 in
897 3241 987 3296 statu
1009 3233 1224 3299 clericorum³
1239 3232 1364 3296 secula-

205 3338 302 3412 rium,
315 3346 350 3400 et
366 3337 399 3400 in
416 3346 505 3401 statu
529 3337 698 3414 laicorum,
713 3346 750 3400 ut
773 3337 939 3400 cernimus
962 3337 1004 3401 ad
1028 3337 1163 3401 oculum
1186 3337 1377 3401 evidenter·

205 3441 321 3504 Turba
343 3441 431 3504 enim
455 3441 540 3505 sicut
563 3462 639 3504 cum
661 3443 783 3524 Moyse
805 3441 838 3504 in
863 3438 1036 3504 montem⁴
1058 3462 1126 3505 non
1142 3441 1300 3518 ascendit,
1318 3442 1364 3504 sic

205 3565 266 3608 nec
282 3565 358 3608 cum
376 3544 517 3610 Christo.
573 3545 644 3608 Nec
667 3546 700 3608 in
724 3545 1018 3627 transfiguratione
1041 3545 1165 3609 Christi
1183 3544 1364 3608 multitudo

204 3649 442 3732 discipulorum
466 3659 639 3731 assumpta
661 3659 722 3722 est,
737 3648 796 3712 sed
817 3658 884 3712 tres
900 3649 996 3712 electi
1011 3649 1215 3730 specialiter;
1236 3657 1363 3712 etcum

205 3754 402 3836 magistrum
419 3753 630 3836 perfectionis
654 3752 822 3818 Christum
846 3752 945 3816 turba
967 3761 1081 3816 secuta
1103 3762 1153 3817 est
1176 3773 1235 3835 per
1257 3773 1364 3814 annos

205 3859 291 3922 duos
307 3855 568 3938 praedicantem,
582 3865 657 3940 post
674 3856 755 3919 haec
771 3855 898 3920 dimisit
914 3877 1001 3932 eum,
1016 3864 1049 3918 et
1065 3857 1099 3918 in
1115 3855 1181 3920 fine
1197 3856 1364 3929 clamavit,

206 3960 378 4043 Crucifige.
440 3961 526 4024 Nam
555 3961 674 4044 vulgus
699 3961 779 4024 nihil
807 3961 991 4046 perfectum
1015 3961 1209 4024 continuare
1231 3967 1363 4042 potest;

204 4065 333 4130 utinam
361 4065 395 4128 in
418 4066 486 4128 vita
516 4065 568 4128 vel
596 4066 629 4129 in
656 4065 791 4129 studio⁵
821 4087 887 4129 non
915 4073 1047 4128 erraret.
1109 4065 1154 4129 Et
1184 4064 1269 4126 sicut
1299 4063 1363 4126 hoc

203 4167 378 4231 videmus⁶
400 4168 434 4230 in
456 4169 596 4232 veritate
622 4168 709 4243 fidei,
730 4170 778 4232 sIc
802 4169 835 4231 in
859 4168 1091 4251 philosophiae
1113 4165 1363 4250 professoribus.

205 4272 294 4335 Nam
322 4291 454 4354 semper
475 4273 643 4355 sapientes
665 4282 781 4336 contra
807 4273 928 4355 vulgus
951 4273 1046 4336 divisi
1069 4280 1156 4346 sunt,
1178 4279 1212 4332 et
1241 4290 1362 4333 arcana

203 4375 386 4458 sapientiae
401 4395 469 4438 non
491 4377 555 4439 toti
578 4376 705 4440 mundo
728 4377 836 4440 solum
860 4378 919 4440 sed
943 4375 1031 4459 plebi
1054 4373 1361 4458 philosophantium

234 4543 244 4575 ¹
259 4545 284 4608 J.
298 4544 374 4595 omits
384 4544 419 4596 in.
950 4542 1000 4610 ²J.
1014 4545 1060 4608 0.,
1071 4542 1106 4596 1⁰.
1141 4543 1173 4594 V.
1178 4582 1185 4607 ,
1197 4544 1316 4596 secundo.

233 4626 244 4660 ³
261 4628 305 4687 0.,
317 4627 344 4676 in
355 4633 422 4678 statu
432 4627 568 4679 multorum
579 4629 748 4680 saecularium.
949 4625 961 4659 ⁴
973 4628 998 4691 J.
1012 4627 1057 4688 0.,
1070 4633 1181 4676 montem
1192 4643 1201 4685 ς
1217 4634 1312 4688 monte,
1325 4627 1357 4677 V.

233 4707 243 4740 ⁶
258 4709 293 4774 J.‚
304 4708 388 4758 studio
395 4708 540 4775 sapientiae.
565 4711 610 4772 0.,
620 4726 666 4762 nec
675 4711 701 4760 in
710 4709 793 4761 studio
801 4715 916 4761 errasset.
947 4705 1008 4774 ⁶J.,
1021 4724 1069 4760 nos
1079 4709 1193 4759 videmus
1203 4709 1261 4759 hoc.
