3559 5442
590 683 644 746 cA
653 682 773 747 USAE
789 683 1000 746 ERRORIS.
1337 704 1379 762 ²3

222 850 272 906 est
289 851 470 926 antequam
486 843 638 910 videatur
654 845 747 910 Deus
763 844 846 912 facie
867 845 911 912 ad
936 844 1066 921 faciem,
1079 851 1251 930 nunquam
1264 845 1379 912 'horno

223 947 306 1010 sciet
328 947 476 1030 aliquid1
502 948 536 1014 in
563 948 630 1014 fine
654 950 869 1017 certitudinis.
924 949 970 1013 Et
993 950 1070 1016 ideo
1093 951 1121 1014 si
1143 949 1223 1034 per²
1249 950 1380 1015 infinita

223 1050 432 1116 seculorum³
446 1051 557 1116 secula
572 1053 696 1118 viveret
712 1053 745 1119 in
762 1053 824 1118 hac
840 1053 1053 1129 mortalitate,
1064 1075 1236 1137 nunquam
1248 1054 1292 1119 ad
1308 1075 1380 1138 per-

223 1153 401 1220 lectionem
428 1155 611 1238 sapientiae
638 1157 671 1222 in
697 1156 911 1224 multitudine
936 1157 1099 1224 scibilium
1123 1167 1159 1222 et
1183 1158 1382 1222 certitudine

224 1258 433 1344 pertingeret
480 1259 569 1326 Nam
593 1259 702 1324 nullus
716 1270 768 1326 est
783 1260 830 1326 ita
845 1260 978 1344 sapiens
994 1261 1027 1325 in
1043 1281 1152 1328 rerum
1175 1260 1301 1325 naturis
1323 1262 1382 1343 qui

224 1361 323 1426 sciret
356 1361 535 1426 certificare
571 1362 614 1427 de
644 1363 838 1428 veritatibus
875 1363 1032 1430 omnibus
1068 1385 1155 1447 quae
1188 1374 1267 1429 sunt
1296 1365 1384 1428 circa

225 1472 379 1528 naturam
394 1475 428 1528 et
444 1466 662 1549 proprietates
685 1468 782 1532 unius
797 1488 948 1546 muscae,
963 1488 1024 1531 nec
1046 1468 1145 1533 sciret
1165 1468 1245 1532 dare
1267 1489 1384 1532 causas

225 1569 375 1652 proprias
391 1569 510 1634 coloris
524 1569 604 1652 ejuS,
619 1580 653 1634 et
669 1591 771 1653 quare
785 1579 837 1635 tot
852 1570 955 1654 pedes
971 1572 1054 1636 nec⁴
1069 1571 1180 1654 plures
1195 1592 1257 1636 nec
1272 1573 1385 1654 pauci-

224 1693 298 1734 ores
321 1671 466 1749 haberet‚
488 1693 550 1738 nec
574 1674 736 1738 rationem
760 1674 899 1742 reddere
913 1674 957 1738 de
979 1676 1137 1740 membris
1159 1684 1193 1738 et
1215 1674 1288 1756 ejus
1310 1695 1385 1759 pro-

226 1775 421 1858 prietatibus
431 1776 451 1840 ⁵.
499 1776 561 1841 Est
577 1777 677 1860 igitur
692 1777 794 1840 homo
810 1777 1025 1861 impossibilis
1041 1777 1084 1842 ad
1100 1778 1282 1860 perfectam
1298 1779 1385 1861 sapi-

225 1881 351 1943 entiam
369 1880 402 1943 in
425 1881 487 1946 hac
510 1882 587 1958 vita,
603 1892 636 1946 et
658 1881 702 1945 ad
726 1881 1012 1965 imperfectionem
1035 1882 1182 1946 veritatis
1197 1890 1248 1946 est
1266 1881 1387 1945 nimis⁸

225 1983 377 2060 difficilis,
399 1993 433 2049 et
460 1985 604 2049 multum
631 2006 755 2068 pronus
782 1995 816 2052 et
846 1984 1024 2068 proclivis*
1052 1985 1095 2050 ad
1126 1985 1210 2050 salsa
1239 1995 1274 2050 et
1299 2006 1387 2050 vana
1429 1967 1437 1988 ⁹

224 2102 453 2171 quaecunque.
497 2088 712 2172 Quapropter
726 2110 793 2155 non
810 2099 861 2154 est
877 2089 1003 2152 homini
1017 2089 1228 2171 gloriandum
1245 2088 1289 2152 de
1299 2090 1387 2172 sapi-

224 2193 324 2271 entia,
348 2213 409 2256 nec
434 2192 536 2258 debet
559 2192 701 2275 aliquis⁸
723 2193 939 2276 magnificare
960 2203 995 2258 et
1016 2193 1180 2259 extollere
1201 2214 1289 2275 quae
1313 2192 1384 2258 scit

226 2297 337 2360 Pauca
352 2297 441 2360 enim
458 2305 537 2362 sunt
559 2305 593 2360 et
615 2296 693 2361 vilia
715 2307 868 2380 respectu
890 2317 1006 2362 eorum
1029 2318 1117 2380 quae
1138 2318 1206 2362 non
1229 2296 1386 2379 intelligit

225 2398 284 2462 sed
300 2398 414 2477 credit,
429 2408 462 2462 et
478 2398 577 2481 longe
592 2399 750 2482 pauciora
765 2408 917 2483 respectu
932 2420 1048 2468 eorum
1063 2420 1150 2483 quae
1166 2401 1307 2482 ignorat,
1322 2421 1384 2464 nec

224 2505 318 2568 novit
334 2502 399 2567 fide
415 2525 477 2570 nec
491 2505 639 2570 scientia.
685 2504 731 2568 Et
745 2505 905 2586 quoniam
921 2514 1073 2588 respectu
1089 2525 1203 2570 eorum
1218 2524 1305 2586 quae
1319 2505 1383 2568 scit
1393 2509 1418 2574 J.
1437 2525 1499 2572 very
1512 2507 1603 2573 imper·

224 2607 326 2670 homo
341 2617 468 2672 restant
484 2607 612 2672 infinita
627 2628 714 2690 quae
729 2610 868 2690 ignorat,
884 2617 918 2674 et
932 2609 1005 2672 sine
1018 2608 1112 2672 omni
1133 2608 1383 2691 comparatione
1395 2575 1603 2690 {ffiffifm

224 2711 352 2792 majora
367 2720 400 2774 et
416 2711 601 2776 melioraet
616 2711 811 2795 pulchriora,
827 2712 964 2776 insanus
979 2720 1030 2776 est
1044 2711 1101 2794 qui
1112 2710 1157 2774 de
1171 2711 1335 2794 sapientia
1346 2732 1382 2774 se
1395 2705 1529 2820 ¹0²sttf⁰⁰²2
1539 2721 1583 2820 5¹·

223 2815 367 2882 extollit.
412 2815 589 2880 Maxime⁹
612 2816 735 2880 insanit
758 2816 814 2897 qui
837 2824 995 2893 ostentat,
1009 2825 1044 2878 et
1066 2824 1227 2897 tanquam
1250 2787 1587 2899 postea-ilalssail

222 2929 296 2986 tum
312 2941 406 2987 suam
424 2920 597 2986 scientiam
613 2921 729 2984 nititur
744 2919 932 3002 devulgare.
1394 2903 1453 2953 ΠΜ·

268 3025 443 3089 Praeterea
458 3025 532 3110 quis
544 3025 646 3091 audet
658 3026 700 3088 de
711 3025 876 3109 sapientia
890 3023 1033 3106 gloriari,
1044 3045 1120 3088 curn
1136 3032 1244 3088 totam
1256 3023 1384 3088 medul-

223 3126 290 3192 lam
310 3150 411 3211 quam
428 3149 514 3193 unus
532 3138 830 3211 quantumcunque
845 3128 1016 3193 studiosus
1034 3127 1177 3192 addiscit
1193 3149 1252 3212 per
1275 3145 1318 3209 30
1333 3127 1385 3192 vel

221 3250 266 3311 40
281 3253 387 3298 annos
396 3231 421 3272 ¹⁰
436 3253 513 3296 cum
529 3233 687 3316 expensis
703 3242 737 3296 et
752 3231 922 3297 laboribus
937 3231 1144 3316 gravissimis
1153 3231 1188 3306 ¹¹,
1201 3232 1311 3295 valeat
1327 3231 1384 3296 uni

221 3357 325 3418 puero
340 3335 438 3400 docili
454 3345 544 3402 certo
560 3337 684 3419 scripto
706 3346 740 3400 et
755 3335 857 3400 verbo
875 3336 1078 3401 sufficienter
1092 3335 1269 3400 ostendere
1278 3334 1304 3374 ¹²
1326 3355 1385 3419 per

221 3460 348 3504 annum
376 3461 480 3505 unum
503 3440 556 3505 vel
580 3441 612 3504 in
637 3450 789 3523 tempore
812 3438 941 3504 minori.
988 3440 1077 3503 Nam
1100 3440 1164 3504 hoc
1187 3440 1325 3523 probavi
1348 3441 1383 3503 in

221 3561 325 3622 puero
338 3539 512 3622 praesenti,
522 3541 580 3622 qui
595 3561 672 3603 cum
685 3548 882 3623 paupertate
893 3560 1017 3622 magna
1028 3548 1064 3602 et
1077 3540 1244 3605 modicam
1256 3538 1383 3605 habens

222 3639 474 3704 instructionem
501 3640 726 3722 quantitatem
753 3639 833 3703 anni
863 3639 923 3704 vix
954 3660 1083 3722 ponens
1113 3640 1147 3702 in
1177 3638 1383 3706 addiscendo

222 3744 313 3807 novit
336 3752 388 3808 tot
410 3753 444 3806 et
466 3753 561 3806 tanta
576 3743 666 3825 quod
690 3763 807 3810 omnes
824 3743 987 3808 mirantur
1001 3743 1059 3825 qui
1074 3762 1151 3806 eum
1166 3751 1383 3826 cognoscunt.

222 3847 313 3914 Nam
331 3867 444 3938 secure
454 3845 479 3886 1⁸
493 3846 569 3912 dieo
585 3846 676 3930 quod
693 3846 769 3910 licet
785 3846 887 3929 aliqui
903 3846 1010 3912 sciant
1025 3846 1100 3930 plus
1115 3845 1158 3910 de
1173 3845 1383 3930 philosophia

221 3962 255 4016 et
278 3950 408 4034 linguis
426 3959 460 4015 et
483 3951 515 4014 in
538 3951 678 4015 diversis
701 3950 820 4016 diversi
845 3952 955 4035 ipsum
978 3950 1154 4028 excedant,
1177 3971 1244 4015 non
1268 3958 1383 4017 tamen

221 4054 307 4118 inter
326 4055 464 4120 Latinos
480 4064 558 4120 sunt
567 4054 592 4094 ¹4
607 4054 664 4138 qui
680 4075 757 4120 eum
773 4075 817 4121 ex
833 4054 926 4120 omni
941 4065 1036 4138 parte
1050 4052 1290 4120 transcendunt
1299 4052 1334 4130 ¹⁵,
1349 4063 1383 4118 et

253 4205 322 4269 1V.,
336 4223 383 4258 nec
394 4206 497 4272 aliquid.
531 4205 555 4272 J.
570 4171 777 4259 O.oniit‘nec.'
818 4203 868 4271 ²J.
883 4206 1026 4272 O.,siper.
1066 4207 1204 4270 V.,super.

253 4287 313 4339 3Ο.
327 4305 377 4341 om.
390 4290 539 4340 seculorum.
822 4287 872 4354 ⁴J.
886 4288 931 4348 0.,
943 4296 969 4339 et
980 4304 1040 4339 non.
1075 4287 1108 4338 Ο.
1121 4304 1173 4337 om.
1186 4303 1234 4337 nee
1245 4286 1380 4352 pauciores

253 4370 313 4424 ⁶0.
326 4387 377 4422 om.
390 4379 416 4422 et
427 4371 629 4437 proprietatibus.
820 4367 882 4435 ⁶J.,
896 4370 988 4422 minus.
1023 4369 1056 4420 Ο.
1070 4369 1211 4431 V.,nimis.

253 4452 264 4485 ⁷
278 4453 314 4518 J.,
327 4454 460 4519 proclivus.
820 4451 831 4484 ⁸
845 4453 880 4518 J.,
895 4451 998 4517 aliquid.

252 4533 313 4600 ⁰J.,
327 4542 353 4585 et
363 4535 480 4586 maxime.
554 4578 555 4584 ,
810 4532 830 4566 ¹⁰
848 4535 880 4586 Ο.
894 4533 1091 4600 pernonaginta
1101 4548 1190 4584 anuos.

242 4615 262 4648 ¹¹
280 4617 312 4668 Ο.
325 4633 376 4668 om.
394 4617 643 4684 eum-pravissimis.
810 4615 831 4648 ¹²
848 4617 897 4678 0.,.
905 4616 1059 4677 ostenderet,
1067 4624 1116 4681 pre
1126 4616 1209 4666 valeat
1220 4614 1360 4665 ostendere.

243 4699 264 4731 ¹³
280 4701 325 4762 0..
338 4715 446 4754 securus.
546 4698 568 4732 ¹⁴
583 4701 615 4753 V.
629 4717 680 4756 om.
694 4707 760 4752 eunt.
806 4697 827 4732 ¹⁸
841 4700 877 4765 J,
892 4699 1079 4752 transcendunt.
1114 4698 1159 4761 V.,
1172 4697 1341 4748 transcedunt.
