3559 5442
399 681 438 754 ‘38
596 673 764 741 OPERIS
781 679 983 759 MAJORIS
999 679 1124 740 PARS·
1139 677 1369 744 SECUNDA.

394 840 478 922 juris
488 842 637 905 canonici
648 850 681 906 et
693 841 950 925 philosophiam3
966 841 1029 905 sub
1039 842 1199 906 unaenim
1210 852 1305 926 parte
1313 843 1551 927 philosophiae,

397 944 521 1008 scilicet
533 946 595 1009 sub
605 947 743 1009 scientia
756 945 881 1021 morali,
892 965 992 1028 quam
1005 945 1135 1008 civilem
1148 948 1334 1011 nominavit
1345 948 1551 1025 Aristoteles,

397 1049 585 1113 continetur
604 1049 659 1132 jus
682 1049 785 1127 civile,
801 1060 838 1114 ut
861 1049 995 1112 inferius
1018 1059 1196 1114 enotescet.
1241 1051 1449 1115 Canonicum
1472 1073 1550 1114 vero

393 1151 449 1233 jus
472 1152 523 1216 vel
546 1173 566 1215 a
588 1154 757 1237 scripturis
780 1153 948 1216 canonicis
972 1163 1191 1236 nuncupatur,
1212 1174 1280 1216 non
1304 1155 1349 1217 ab
1370 1155 1452 1232 aliis,
1466 1156 1551 1218 sicut

331 1239 333 1244 ’
396 1256 505 1338 ipsum
522 1278 644 1320 nomen
660 1257 868 1321 demonstrat
882 1277 890 1335 ;
913 1278 999 1339 quae
1011 1257 1192 1339 scripturae
1204 1260 1386 1321 canonicae
1396 1259 1552 1322 dicuntur

396 1359 470 1422 libri
493 1361 624 1425 Veteris
647 1361 866 1439 Testamenti,
888 1361 974 1424 sicut
998 1361 1216 1424 Decretorum
1239 1371 1335 1445 parte
1356 1363 1463 1446 prima
1486 1362 1551 1426 dis·

396 1463 558 1527 tinctione
568 1485 656 1527 nona
665 1464 965 1548 pluries¹habetur,
975 1473 1008 1526 et
1018 1464 1095 1526 alibi
1109 1486 1117 1542 ;
1132 1473 1190 1527 aut
1202 1466 1245 1529 ab
1255 1465 1383 1543 eodem,
1394 1466 1517 1529 scilicet
1529 1487 1549 1528 a
1634 1451 1636 1454 Α

396 1587 523 1630 canone
535 1567 794 1652 nuncupantur¹,
806 1589 884 1632 nam
902 1588 1009 1632 canon
1023 1567 1149 1631 Graece
1161 1568 1274 1651 regula
1287 1569 1407 1632 Latine
1421 1568 1549 1633 dicitur.

397 1671 444 1734 Et
473 1680 543 1734 tam
570 1672 625 1754 jus
654 1673 852 1736 canonicum
883 1692 984 1754 quam
1015 1672 1164 1735 divinum
1196 1671 1379 1754 regularem
1411 1672 1547 1735 modum

394 1774 528 1837 vivendi
544 1775 682 1838 reddere
697 1776 940 1859 comprobatur.
987 1774 1163 1839 Caeterum
1177 1775 1232 1857 jus
1248 1777 1444 1840 canonicum
1463 1785 1548 1839 tota—

394 1873 468 1936 liter
480 1874 638 1939 fundatur
649 1895 748 1959 super
758 1876 956 1939 auctoritate
968 1876 1151 1958 scripturae
1160 1885 1193 1939 et
1205 1876 1434 1958 expositorum
1445 1874 1458 1912 ²
1468 1875 1548 1957 ejus,

391 1978 479 2041 sicut
501 1977 620 2043 clarius
642 1988 735 2063 patet
758 2001 816 2063 per
838 1988 947 2042 totum
971 1999 1090 2063 corpus
1114 1980 1248 2042 Decreti
1264 1989 1298 2043 et
1314 1980 1548 2044 Decretalium.

395 2081 483 2144 Nam
499 2083 580 2146 aut¹
594 2103 656 2166 pro
677 2083 969 2147 constitutionibus
992 2085 1182 2146 canonum¹
1207 2083 1393 2166 allegantur
1408 2085 1547 2146 auctori-

393 2185 502 2249 tates⁵
516 2187 747 2270 expositorum
761 2207 874 2250 sacrae
885 2187 1077 2269 scripturae,
1087 2195 1124 2250 ut
1135 2187 1327 2269 Augustini,
1341 2187 1549 2269 Hieronymi,

394 2288 553 2371 Gregorii,
577 2289 756 2362 Ambrosii,
783 2291 910 2368 Isidori,
933 2290 1102 2372 Cypriani,
1126 2290 1247 2353 Hilarii
1270 2300 1303 2354 et
1326 2290 1475 2364 aliorum,
1490 2302 1549 2354 aut

393 2393 536 2457 sacri¹et
546 2394 667 2457 summi
678 2393 851 2476 pontifices
864 2414 924 2477 pro
934 2395 1002 2456 suis
1014 2393 1147 2456 statutis
1157 2392 1320 2456 inducunt
1333 2394 1549 2457 auctoritates

390 2506 427 2558 et
442 2495 600 2581 exempla
617 2497 703 2560 Novi
719 2506 753 2561 et
769 2498 902 2562 Veteris
916 2497 1147 2574 Testamenti;
1170 2506 1203 2560 et
1219 2497 1297 2560 ideo
1317 2497 1381 2560 hoc
1400 2497 1455 2580 jus
1480 2517 1547 2560 non

393 2608 444 2662 est
460 2601 522 2662 nisi
538 2600 719 2684 explicatio
733 2601 916 2665 voluntatis
933 2601 996 2663 Dei
1012 2602 1045 2664 in
1069 2601 1240 2683 scriptura.
1287 2600 1373 2663 Item
1392 2600 1450 2683 jus
1471 2622 1548 2664 can-

393 2702 526 2766 onicum
538 2713 676 2767 vocatur
684 2704 739 2787 jus
749 2703 760 2745 ⁷
770 2703 1040 2780 ecclesiasticum,
1052 2722 1120 2785 quo
1134 2703 1259 2785 regitur
1271 2702 1304 2767 in
1320 2703 1548 2786 spiritualibus

393 2807 459 2870 Dei
475 2807 625 2872 Ecclesia
640 2818 710 2872 tam
727 2809 758 2872 in
775 2809 885 2892 capite
901 2829 1002 2891 quarn
1018 2809 1052 2870 in
1069 2807 1234 2870 membris
1279 2807 1347 2873 Sed
1360 2807 1441 2871 nihil
1457 2807 1548 2872 aliud

393 2920 491 2974 sonat
502 2912 584 2975 haec
593 2911 606 2951 ⁸
616 2912 778 2995 scriptura
790 2912 853 2974 nisi
865 2911 928 2974 hoc
944 2911 1099 2994 regimen.
1146 2911 1320 2974 Praeterea
1329 2910 1385 2993 jus
1397 2912 1549 2976 naturale

392 3013 581 3078 continetur
590 3015 623 3078 in
634 3036 726 3078 sacra
736 3015 907 3098 scriptura,
920 3015 1004 3077 sicut
1016 3014 1155 3077 docetur
1166 3014 1199 3076 in
1212 3014 1374 3097 principio
1387 3015 1550 3092 Decreti¹,

393 3119 451 3181 sed
468 3140 686 3202 quaecunque
698 3119 846 3182 moribus
858 3128 992 3202 recepta
1004 3128 1082 3181 sunt
1093 3117 1144 3181 vel
1157 3119 1288 3201 scriptis
1300 3119 1551 3201 comprehensa,

393 3221 420 3284 si
437 3220 578 3285 naturali
599 3221 663 3304 juri
679 3221 800 3284 suerint
816 3223 964 3295 adversa,
979 3240 1065 3284 vana
1081 3229 1115 3283 et
1130 3220 1220 3283 irrita
1236 3229 1315 3283 sunt
1330 3220 1495 3298 habenda,
1510 3233 1550 3286 ut

392 3335 489 3407 parte
503 3325 610 3408 prima
626 3325 838 3388 distinctione
853 3334 972 3387 octava
987 3324 1183 3388 continetur.
1229 3323 1275 3387 Et
1291 3323 1368 3386 ideo
1380 3325 1455 3407 jura
1471 3347 1550 3390 can-

393 3429 489 3492 onica
505 3450 571 3492 non
588 3438 728 3513 possunt
743 3449 815 3492 esse
831 3428 939 3492 aliena
954 3448 974 3490 a
987 3428 1062 3510 jure
1077 3428 1200 3505 divino,
1215 3427 1319 3490 immo
1336 3427 1379 3490 de
1401 3428 1551 3494 sontibus

392 3533 479 3596 illius
501 3543 633 3616 oportet
655 3554 695 3596 ea
717 3533 865 3596 derivari.
912 3533 959 3595 Et
978 3532 1033 3614 jus
1056 3552 1235 3595 commune
1256 3532 1308 3594 vel
1332 3541 1382 3595 est
1398 3533 1550 3598 divinum

392 3638 445 3699 vel
457 3638 650 3703 humanum.
696 3639 856 3701 Divinum
873 3647 934 3715 est,
949 3638 1039 3720 quod
1056 3657 1154 3700 sensu
1165 3636 1190 3676 ¹⁰
1205 3646 1239 3700 et
1255 3638 1372 3720 spiritu
1389 3639 1453 3702 Dei
1468 3640 1550 3703 alla-

393 3750 465 3803 tum
496 3750 547 3804 est
574 3741 701 3805 mundo
730 3743 763 3804 in
794 3762 854 3805 sua
883 3742 1047 3824 scriptura
1057 3759 1065 3819 ;
1102 3740 1297 3816 humanum,
1327 3744 1417 3824 quod
1448 3765 1548 3808 sensu

392 3844 537 3908 hominis
552 3854 603 3908 est
618 3845 844 3910 adinventum.
891 3844 958 3909 Sed
975 3853 1107 3908 constat
1123 3843 1307 3907 Ecclesiam
1329 3846 1397 3927 regi
1408 3845 1432 3883 ¹¹
1448 3867 1548 3911 sensu

393 3957 427 4011 et
436 3950 552 4032 spiritu
562 3949 684 4027 divin0,
696 3959 730 4013 et
742 3949 818 4012 ideo
824 3949 899 4031 jure
910 3948 1023 4011 divino
1035 3949 1125 4031 quod
1138 3949 1239 4011 sacris
1250 3949 1351 4012 literis
1361 3948 1550 4027 includitur,

392 4064 426 4118 et
450 4065 577 4118 certum
602 4063 652 4117 est
675 4054 860 4117 Ecclesiam
884 4053 953 4136 regi
972 4053 1047 4135 jure
1069 4053 1239 4117 canonico,
1285 4052 1498 4138 Quapropter
1513 4056 1547 4119 id

425 4206 435 4238 ¹
452 4207 484 4259 Ο.
495 4224 545 4258 om.
558 4207 651 4273 pluries
661 4223 668 4269 ;
684 4207 747 4257 after
756 4207 871 4268 habetur,
884 4205 917 4258 Ο.
930 4206 975 4255 has
986 4212 1030 4256 aut
1040 4221 1147 4256 canones
1157 4213 1340 4271 nuncupantur.

423 4287 434 4320 ²
451 4290 660 4355 O.,errpositore;
677 4288 1003 4340 omsicut-decretalium.
1059 4285 1131 4350 ⁸V.,
1144 4287 1212 4339 dum.
1271 4286 1282 4317 ⁴
1299 4288 1343 4348 0.,
1354 4304 1403 4340 om.
1413 4305 1547 4343 canonum.

423 4370 433 4402 ¹
450 4371 493 4434 0.,
502 4378 616 4422 auctores
626 4387 701 4422 sacrae
712 4370 841 4436 scripturae
849 4375 876 4419 ut
885 4368 1040 4434 Augustinus
1051 4368 1127 4418 etalii
1137 4387 1145 4430 ς
1156 4384 1206 4419 om.
1217 4367 1425 4434 Hieronymi-et
1432 4371 1547 4424 aliorum.

422 4451 481 4504 θΟ.
493 4470 543 4504 om.
557 4453 621 4504 sacri
632 4461 664 4505 et.
779 4487 783 4494 -
902 4450 962 4502 7Ο.
984 4467 1034 4501 om.
1047 4451 1096 4514 jus.
1337 4448 1396 4503 8Ο.
1411 4468 1462 4504 om.
1475 4453 1546 4505 haec.

421 4533 433 4566 ¹
449 4537 492 4599 0.,
505 4536 532 4586 in
543 4535 666 4602 principio
678 4534 779 4586 Decreti
790 4533 930 4596 manifeste,
943 4532 1061 4597 omitting
1072 4538 1121 4582 rest
1132 4531 1162 4582 oi
1168 4539 1293 4583 sentence.
1438 4535 1441 4538 ’

383 4607 388 4616 '
422 4615 443 4647 ¹⁰
459 4618 493 4668 Ο.
506 4634 554 4668 orn.
569 4633 643 4669 sensu
655 4626 687 4668 et.

421 4697 441 4733 ¹¹
458 4700 502 4764 0.,
514 4701 567 4765 regi
574 4701 631 4766 jure
641 4698 771 4763 canonico,
785 4699 903 4763 omitting
913 4696 1086 4748 intermediate
1097 4697 1189 4749 words
