3559 5442
389 660 445 718 170
644 645 941 704 Amorrrorvrr
962 612 1121 716 iverat,
1146 645 1234 704 vor.
1257 646 1284 702 r.

386 825 433 859 nec
455 809 617 873 intelligimus
635 809 698 873 quid
716 809 844 858 aciamus.
880 809 945 860 cum
965 809 1033 859 enim
1055 809 1139 859 Latini
1162 809 1274 859 assum
1291 810 1340 859 roc
1361 824 1454 859 nomen
1474 795 1546 859 Χῖα

386 891 518 941 aestimant
539 907 596 941 cum
615 891 712 940 asinina
732 891 838 941 stultitia
856 891 925 955 quod
945 892 1029 942 literas
1049 892 1160 942 scribunt
1180 891 1292 951 Latinas,
1313 907 1371 941 cum
1390 898 1476 940 tamen
1494 890 1547 940 sint

387 971 498 1022 Graecae
519 980 545 1021 et
567 973 636 1022 nulla
658 972 757 1022 Latina.
793 971 914 1023 Similiter
935 972 963 1023 in
984 973 1032 1023 hoc
1051 973 1152 1023 nomine
1173 961 1256 1033 lit—*Q
1278 989 1337 1022 nam
1356 971 1467 1022 Graecae
1486 981 1547 1021 sunt

385 1069 474 1103 omnes
483 1053 531 1102 nisi
540 1054 609 1118 quod
626 1053 706 1119 prima
722 1060 761 1103 est
771 1055 912 1104 communis
921 1053 1018 1104 Graeco
1033 1062 1059 1104 et
1071 1054 1170 1115 Latino,
1184 1055 1228 1103 sed
1240 1053 1324 1104 Latini
1335 1071 1350 1103 a
1360 1053 1482 1119 principio
1493 1069 1547 1102 non

385 1134 537 1199 scripserunt
551 1135 622 1184 illam
639 1135 745 1200 primam
767 1135 815 1185 nisi
830 1138 891 1200 quia
907 1136 1003 1187 Graeca
1020 1137 1066 1185 fuit
1083 1138 1146 1186 sicut
1163 1143 1282 1187 caeterae.
1318 1135 1401 1186 There
1417 1135 1515 1185 follows
1530 1153 1547 1185 a

387 1218 530 1267 condensed
550 1217 682 1283 repetition
701 1217 731 1267 of
746 1219 790 1267 the
806 1218 918 1268 remarks
939 1234 971 1267 on
988 1219 1122 1268 numerical
1141 1218 1251 1284 symbols
1267 1233 1302 1267 on
1323 1234 1347 1282 p.
1371 1233 1420 1282 943
1435 1219 1485 1266 and
1502 1218 1549 1267 the

387 1314 491 1362 passage
508 1299 578 1359 ends,
597 1298 717 1349 Similiter
738 1297 842 1362 legimus
858 1308 884 1348 et
901 1299 1030 1362 psallimus
1047 1315 1091 1364 per
1108 1307 1186 1349 totam
1204 1299 1342 1348 Ecclesiam
1358 1297 1471 1362 quotidie
1481 1314 1549 1363 quae

388 1395 440 1430 non
451 1379 613 1444 intelligimus
629 1379 832 1444 praesentialiter,
845 1386 873 1428 ut
883 1380 958 1428 allelu
970 1389 995 1430 et
1007 1380 1039 1440 ia,
1053 1389 1078 1430 et
1089 1382 1192 1431 Osanna
1205 1380 1324 1440 Sabaoth,
1338 1379 1408 1429 etsie
1420 1380 1452 1428 de
1463 1380 1549 1429 multis

386 1477 451 1526 quae
469 1470 528 1511 sunt
546 1462 623 1511 verba
639 1461 808 1521 devotissima,
826 1462 853 1510 in
863 1461 955 1526 quibus
973 1463 1134 1512 devotionern
1157 1462 1193 1512 eis
1213 1461 1324 1511 debitam
1344 1477 1396 1511 non
1414 1477 1548 1526 possumus

388 1543 481 1593 habere
492 1550 626 1609 postquam
639 1560 690 1593 non
701 1542 863 1607 intelligimus
874 1560 940 1608 quae
951 1544 1064 1593 dicimus.

421 1625 494 1675 Then
505 1625 603 1676 iollows
614 1626 657 1676 the
673 1626 813 1691 paragraph
824 1626 907 1675 which
919 1627 944 1675 in
956 1626 999 1676 the
1011 1626 1107 1676 revised
1120 1634 1173 1675 text
1185 1627 1197 1676 I
1209 1626 1274 1676 have
1289 1625 1378 1691 placed
1389 1642 1417 1676 as
1435 1627 1477 1676 the
1489 1642 1549 1676 con·

387 1707 484 1758 clusion
494 1708 524 1757 of
532 1710 591 1758 Part
602 1708 637 1757 iii.

422 1790 435 1839 I
451 1789 516 1838 have
532 1789 621 1839 shown
637 1789 663 1838 in
680 1789 723 1838 the
741 1789 841 1839 Presace
857 1796 883 1838 to
900 1789 950 1838 this
966 1790 1075 1850 volume,
1089 1789 1138 1838 and
1156 1788 1181 1837 in
1198 1806 1217 1838 r.
1237 1797 1255 1838 t
1276 1789 1329 1854 (pp.
1352 1791 1476 1853 rao-125)
1494 1790 1551 1839 that

388 1871 432 1920 the
449 1873 531 1922 words
547 1888 606 1921 raro
621 1872 752 1936 sufficiunt
766 1887 809 1921 are
824 1872 960 1921 continued
977 1872 1003 1920 in
1020 1888 1035 1920 a
1051 1887 1156 1935 passage
1172 1870 1285 1936 supplied
1298 1871 1332 1935 by
1341 1872 1365 1936 J.
1379 1871 1446 1936 only,
1459 1872 1510 1920 and
1522 1871 1549 1920 in

388 1954 444 2003 that
460 1955 517 2005 MS.
536 1961 583 2018 put
597 1961 642 2003 out
658 1953 687 2003 of
700 1954 732 2003 its
748 1969 838 2019 proper
854 1954 935 2018 place,
948 1953 1031 2002 which
1047 1953 1184 2017 completes
1201 1955 1260 2002 Part
1275 1952 1309 2005 iii.
1328 1954 1362 2017 by
1373 1953 1504 2019 speaking,
1521 1970 1552 2003 as

389 2035 513 2100 promised
524 2052 559 2086 on
569 2052 593 2100 p.
608 2051 649 2099 92,
659 2036 689 2084 of
697 2037 740 2084 the
749 2037 850 2085 weliare
858 2035 887 2086 of
896 2035 1081 2096 Christendom,
1092 2035 1120 2084 of
1129 2035 1172 2084 the
1183 2034 1330 2085 conversion
1338 2034 1367 2085 of
1375 2036 1418 2085 the
1429 2036 1549 2094 heathen,

388 2118 439 2166 and
450 2119 493 2167 the
503 2116 643 2182 repression
654 2116 683 2166 oi
691 2117 816 2167 obstinate
825 2117 935 2167 enemies
946 2117 976 2167 os
984 2119 1026 2167 the
1037 2116 1106 2167 saith.

422 2216 448 2264 p.
462 2216 503 2263 97.
540 2199 600 2248 Pars
612 2200 719 2262 Quarta]
751 2199 807 2249 The
818 2200 873 2248 title
884 2199 906 2249 is
916 2200 972 2249 that
982 2200 1011 2249 of
1020 2200 1063 2260 O.,
1077 2200 1127 2248 and
1138 2214 1224 2264 agrees
1236 2199 1296 2248 with
1308 2198 1363 2248 that
1373 2198 1403 2248 oi
1411 2201 1439 2250 P.
1476 2200 1507 2248 In
1520 2202 1549 2250 P.

388 2278 513 2340 isadded,
526 2280 622 2329 habens
633 2279 814 2331 distinctiones.
851 2282 883 2330 In
899 2280 980 2344 primo
991 2280 1183 2329 datur'intentio
1199 2280 1270 2329 istius
1285 2280 1370 2344 partis.
1406 2280 1461 2329 The
1472 2296 1551 2346 open·

388 2361 433 2425 ing
443 2367 575 2410 sentences
586 2359 614 2411 oi
628 2362 671 2410 the
681 2362 794 2427 chapter,
807 2377 835 2410 as
851 2363 933 2411 stated
950 2362 975 2410 in
989 2361 1089 2412 Preface
1106 2368 1133 2412 to
1144 2360 1319 2425 Supplement,
1332 2377 1374 2411 are
1389 2361 1465 2426 given
1481 2363 1507 2411 in
1523 2362 1548 2427 J.

389 2444 435 2492 but
445 2451 491 2492 not
502 2442 529 2492 in
540 2443 572 2492 V.

422 2540 447 2588 p.
464 2540 518 2574 121.
555 2522 609 2588 Fig.
624 2525 652 2584 6]
684 2524 767 2574 Given
780 2524 805 2572 in
818 2526 844 2574 P.
860 2525 910 2574 and
923 2526 966 2585 O.,
980 2525 1026 2574 but
1037 2532 1081 2574 not
1091 2525 1118 2573 in
1127 2523 1151 2588 J.
1166 2541 1194 2573 or
1204 2525 1236 2574 V.

421 2622 447 2670 p.
464 2623 517 2655 121.
553 2613 614 2655 note
632 2605 681 2669 (1)]
713 2607 781 2655 add:
803 2607 845 2655 the
862 2607 945 2656 words
962 2607 987 2655 in
1008 2607 1051 2655 the
1066 2605 1196 2670 following
1213 2613 1338 2670 sentence,
1358 2606 1392 2656 Et
1408 2607 1553 2656 marime—

388 2687 518 2752 signentur
537 2686 623 2738 circuli
639 2688 674 2748 in,
687 2704 729 2737 are
745 2687 852 2737 omitted
864 2688 890 2736 in
902 2689 933 2738 V.
969 2688 1025 2737 The
1042 2689 1091 2738 last
1106 2697 1222 2737 sentence
1239 2687 1268 2737 of
1284 2688 1327 2738 the
1344 2689 1492 2754 paragraph,
1506 2689 1551 2739 sed

391 2775 660 2833 tamen-geometrae,
671 2769 777 2818 omitted
792 2769 819 2819 in
830 2771 863 2822 O.

424 2870 450 2918 p.
466 2868 519 2902 121.
533 2853 551 2902 l.
567 2868 605 2917 37.
641 2860 666 2900 et
678 2851 956 2916 magis-explicabitur
967 2853 1001 2916 (p.
1020 2868 1074 2914 122,
1087 2851 1103 2901 l.
1119 2853 1144 2912 8)
1156 2852 1188 2901 V.
1199 2852 1249 2900 and
1262 2853 1289 2900 P.
1304 2851 1368 2901 asin
1379 2858 1449 2912 text;
1463 2851 1487 2916 J.
1501 2852 1554 2900 and

392 2935 424 2984 Ο.
438 2936 511 2993 have,
524 2935 559 2983 Et
575 2942 679 2998 propter
694 2934 744 2983 hoc
760 2934 866 2983 multum
878 2932 964 2984 deficit
975 2932 1042 2984 visus
1053 2951 1068 2983 a
1079 2934 1185 2984 veritate
1195 2933 1300 2983 visibilis
1310 2934 1412 2998 quando
1423 2933 1492 2982 videt
1508 2950 1556 2998 per

391 3016 552 3065 reflexionem
564 3023 588 3065 et
601 3016 675 3079 longe
687 3015 767 3079 magis
777 3032 853 3080 quam
864 3015 1074 3080 perfructionem.

424 3114 448 3162 p.
467 3113 519 3161 ¹29·
534 3098 551 3148 l.
566 3099 589 3147 6.
625 3097 703 3146 Libro
714 3098 746 3147 de
757 3098 964 3161 proprietatibus]
996 3098 1211 3159 Bartholomaeus,
1223 3097 1273 3145 viii.
1289 3099 1327 3146 28.

404 3230 408 3238 ,
425 3195 450 3244 p.
467 3196 520 3243 ¹37·
557 3179 612 3243 Fig.
630 3179 670 3243 13]
702 3180 808 3229 omitted
820 3180 846 3228 in
856 3179 895 3243 J.;
910 3180 985 3242 given
997 3180 1022 3228 in
1034 3181 1065 3228 V.
1081 3181 1107 3230 P.
1122 3180 1171 3228 and
1184 3180 1215 3229 Ο.

424 3274 450 3323 p.
467 3276 519 3324 ¹39·
533 3260 549 3309 h
564 3275 603 3310 21.
631 3259 768 3323 capitulum
779 3260 826 3320 vi]
860 3261 892 3309 In
903 3260 984 3324 Royal
993 3277 1007 3322 7
1016 3262 1044 3310 F.
1054 3260 1089 3308 vii
1099 3259 1206 3325 (spoken
1216 3258 1245 3308 oi
1253 3259 1347 3309 hereas
1359 3260 1399 3319 Ρ.)
1407 3259 1477 3309 there
1487 3258 1508 3308 is
1519 3276 1553 3308 an

392 3341 540 3405 interesting
555 3340 687 3406 quotation
703 3341 767 3392 from
784 3344 903 3393 Albertus
914 3344 1023 3408 Magnus
1039 3351 1066 3392 at
1082 3344 1125 3391 the
1136 3342 1190 3391 soor
1205 3341 1234 3390 of
1247 3343 1290 3391 the
1306 3358 1383 3406 pages
1399 3340 1416 3392 f.
1438 3343 1485 3391 rob
1501 3342 1554 3391 and

391 3421 408 3471 f.
422 3436 459 3482 11,
471 3421 498 3470 in
508 3439 524 3470 a
534 3422 703 3487 handwriting
713 3440 773 3488 very
783 3424 900 3473 different
911 3423 974 3472 from
987 3423 1029 3472 the
1040 3432 1091 3472 rest
1106 3422 1135 3473 ol
1144 3424 1186 3472 the
1197 3422 1357 3488 manuscript,
1370 3423 1415 3472 but
1426 3423 1554 3487 evidently

392 3498 421 3549 of
430 3500 472 3549 the
486 3500 544 3560 14th
555 3509 666 3565 century.

425 3581 640 3632 Considerandum
667 3582 708 3631 hic
730 3583 866 3633 secundum
887 3583 956 3648 quod
984 3583 1058 3632 docet
1080 3582 1200 3632 Albertus
1221 3598 1294 3646 super
1322 3597 1345 3632 2.
1382 3583 1553 3632 Meteororum

392 3671 498 3713 tractatu
512 3662 537 3726 3⁰
548 3665 657 3728 capitulo
669 3680 681 3728 5
694 3665 763 3728 quod
784 3680 858 3714 causa
878 3680 956 3728 quare
972 3680 1040 3714 mare
1055 3664 1130 3714 currit
1145 3664 1179 3712 ab
1194 3664 1310 3727 aquilone
1327 3663 1354 3712 in
1369 3663 1498 3712 meridiem
1515 3672 1554 3714 est

391 3745 526 3795 coarctatio
543 3746 653 3795 littorum
665 3747 727 3811 ejus,
740 3753 766 3795 et
777 3747 915 3796 contractio
931 3746 1074 3811 plusquam
1091 3745 1212 3795 sustineat
1226 3761 1290 3809 aqua
1299 3761 1365 3810 quae
1380 3752 1419 3794 est
1433 3745 1515 3806 ineis,
1528 3754 1554 3795 et

392 3824 450 3873 ideo
460 3831 544 3889 partes
554 3840 580 3873 se
591 3824 724 3888 impellunt
739 3841 755 3873 a
771 3824 827 3873 loco
838 3824 921 3874 altiori
933 3825 965 3873 ad
977 3824 1059 3874 locum
1075 3824 1155 3888 magis
1170 3823 1292 3873 declivem
1309 3823 1377 3873 sicut
1388 3823 1421 3872 ab
1436 3823 1555 3889 aquilone

392 3905 419 3953 in
436 3905 573 3958 meridiem.
609 3907 644 3955 Et
654 3907 712 3955 ideo
723 3906 887 3956 communiter
905 3907 1031 3971 loquendo
1047 3923 1132 3956 cursus
1148 3914 1186 3956 est
1202 3922 1234 3956 ex
1250 3914 1321 3970 parte
1336 3904 1515 3970 septentrionis
1526 3904 1553 3954 in

393 3987 542 4048 meridiem
557 3987 616 4052 quia
633 4004 690 4052 pars
705 3989 907 4053 septentrionalis
925 3988 998 4038 altior
1021 3997 1058 4038 est
1074 3996 1145 4053 parte
1161 3987 1280 4038 meridiei.
1317 3988 1352 4038 Et
1362 3988 1409 4038 hoc
1425 3996 1464 4037 est
1484 3988 1553 4053 quod

393 4070 473 4134 tangit
485 4069 581 4120 Senem
592 4071 655 4119 libro
668 4088 680 4134 3
694 4071 843 4120 naturalium
854 4071 1038 4135 quaestionum,
1051 4071 1161 4136 capitulo
1172 4087 1205 4132 4:
1220 4078 1249 4120 ut
1259 4078 1316 4129 stet,
1329 4069 1418 4135 inquit,
1431 4085 1497 4136 aqua
1510 4079 1554 4120 aut

393 4152 461 4212 fluat,
474 4151 523 4200 loci
538 4151 629 4216 positio
640 4152 721 4202 efficit.
757 4154 788 4202 In
799 4153 896 4202 devexo
913 4154 983 4204 fluit:
1001 4153 1027 4202 in
1038 4154 1113 4218 plano
1130 4153 1272 4202 continetur
1281 4160 1307 4202 et
1317 4160 1423 4217 stagnat.
1460 4153 1510 4202 Sed
1528 4151 1554 4201 in

392 4235 447 4284 solo
457 4241 527 4283 motu
540 4234 620 4283 fluxus
630 4242 655 4284 et
671 4235 779 4284 refluxus
789 4243 889 4299 oportet
900 4236 1003 4285 reddere
1014 4236 1087 4285 aliam
1098 4251 1206 4297 causam,
1219 4243 1247 4285 ut
1262 4234 1366 4300 patebit.
1402 4234 1476 4298 Quod
1493 4249 1553 4299 ergo

393 4333 462 4366 mare
478 4316 533 4365 fluit
548 4316 581 4365 ab
597 4316 714 4381 aquilone
725 4318 751 4366 in
768 4317 898 4367 meridiem
915 4334 988 4368 causa
1004 4326 1041 4367 est
1057 4319 1116 4382 quia
1127 4318 1200 4367 altius
1217 4318 1291 4366 estin
1307 4317 1424 4383 aquilone
1439 4332 1515 4382 quarn
1527 4317 1553 4365 in

393 4397 505 4449 meridie.
540 4398 622 4449 Causa
632 4407 716 4448 autem
733 4399 872 4449 altitudinis
889 4408 927 4450 est
943 4400 1002 4465 quia
1019 4400 1095 4465 frigus
1111 4400 1234 4465 aquilonis
1249 4406 1352 4464 generet
1368 4399 1424 4464 plus
1440 4400 1472 4448 de
1488 4415 1553 4464 aqua

394 4482 421 4530 in
442 4480 558 4545 aquilone
578 4497 654 4545 quam
677 4483 757 4546 possit
772 4498 862 4546 capere
878 4483 979 4532 litorum
1002 4483 1121 4532 distantia
1143 4483 1279 4532 secundum
1296 4481 1462 4542 latitudinem,
1480 4489 1507 4531 et
1527 4481 1553 4530 in

395 4557 499 4608 meridie
510 4558 566 4623 plus
576 4560 730 4609 consumitur
740 4561 772 4609 de
789 4570 853 4625 aqua
864 4577 879 4608 a
890 4561 981 4621 miore,
999 4563 1066 4625 quod
1083 4577 1135 4610 non
1150 4561 1238 4626 implet
1248 4560 1349 4609 litorum
1360 4559 1518 4610 latitudinem
1529 4568 1555 4609 et
