3559 5442
594 673 775 736 crusna*
794 673 1006 734 Ennonrs
1343 687 1380 749 25

224 835 319 898 utilia
335 844 368 899 et
383 833 487 919 digna
503 835 573 900 sine
589 835 839 920 comparatione
854 834 954 900 didici
978 834 1021 898 ab
1043 835 1235 899 hominibus
1258 855 1382 916 magna

225 941 439 1025 simplicitate
454 943 608 1017 detentis,
624 927 684 1004 nec
701 941 881 1004 nominatis
905 941 938 1003 in
954 939 1075 1015 studi0,
1090 960 1193 1023 quam
1208 941 1252 1003 ab
1274 939 1382 1002 omni-

223 1045 286 1108 bus
313 1045 506 1108 doctoribus
531 1047 613 1108 meis
635 1044 780 1109 famosis
825 1044 988 1128 Proposui
1013 1045 1114 1127 igitur
1129 1044 1271 1107 Vestrae
1288 1043 1383 1125 Sapi-

223 1149 334 1212 entiae
363 1149 427 1212 hoc
457 1150 662 1232 exemplum,
693 1158 728 1211 et
759 1149 927 1211 transmisi
965 1167 1143 1231 personam
1174 1168 1242 1211 non
1273 1146 1381 1209 solum

222 1261 360 1335 propter
383 1253 467 1317 duas
492 1274 609 1316 causas
634 1253 785 1336 superius
809 1261 997 1329 annotatas
1013 1250 1071 1315 sed
1095 1253 1129 1314 in
1145 1260 1381 1333 argumentum

223 1355 422 1438 perfectum,
452 1366 489 1420 ut
519 1357 631 1420 nullus
660 1357 821 1439 glorIetur
849 1356 893 1420 de
923 1355 1095 1437 sapientia,
1125 1375 1186 1418 nec
1216 1354 1380 1437 despiciat

223 1460 390 1542 simplices
407 1463 463 1543 qui
480 1461 589 1524 sciunt
605 1481 790 1545 proponere
805 1481 845 1524 ea
860 1481 947 1542 quae
970 1460 1107 1522 famosis
1130 1458 1322 1522 hominibus
1345 1457 1379 1520 in

222 1564 360 1626 seientia
384 1565 478 1627 Deus
501 1585 568 1628 non
593 1565 757 1628 concessit
766 1563 786 1638 1,
810 1574 844 1628 et
867 1565 978 1628 sciunt
1000 1562 1144 1627 revelare
1167 1573 1201 1626 et
1221 1582 1381 1625 renovare

222 1666 328 1730 multa
343 1668 548 1751 sapientiae²
564 1678 691 1732 secreta
706 1667 903 1751 dignissima
922 1689 1008 1751 quae
1023 1666 1213 1751 sapientes³
1228 1665 1379 1729 nondum

220 1782 447 1855 perceperunt.

643 1909 869 1976 CAPITULUM
893 1909 955 1973 ΧΙ.

222 2110 225 2114 ,
265 2045 458 2111 Secundum
481 2047 599 2112 vitium
623 2048 712 2131 quod
736 2047 789 2110 hic
812 2047 973 2131 reperitur
996 2057 1046 2110 est
1073 2045 1164 2129 quod
1191 2044 1378 2129 ignorantia

219 2149 348 2214 obtinet
379 2151 488 2216 locum
518 2153 749 2236 persuasionis
804 2151 872 2217 Sed
903 2173 979 2215 cum
1009 2153 1131 2215 veritas
1162 2151 1379 2234 impugnatur

218 2253 312 2316 nefas
336 2263 442 2318 estet
464 2257 592 2339 puritas
615 2256 800 2336 malitiae4;
824 2255 947 2318 deinde
969 2255 1178 2337 ignorantiae
1203 2255 1378 2337 turpitudo

218 2359 336 2422 crescit
347 2360 454 2440 magis
466 2370 499 2424 et
511 2360 630 2424 clarius
642 2361 813 2424 revelatur.
852 2360 978 2424 Crescit
993 2359 1129 2442 quidem
1142 2359 1220 2442 quia
1232 2359 1378 2421 nititura

217 2481 253 2522 se
269 2469 304 2523 et
319 2461 363 2524 ab
378 2463 449 2526 aliis
461 2463 640 2527 excludere
652 2464 850 2547 sapientiam
864 2485 872 2542 ;
895 2464 1041 2546 apertius
1054 2462 1189 2545 quidem
1206 2460 1378 2539 revelatur,

217 2565 375 2645 quoniam
388 2587 498 2630 coram
513 2569 587 2630 Deo
599 2577 633 2631 et
644 2566 799 2632 omnibus
809 2567 821 2604 ⁵
833 2569 958 2630 sanctis
969 2567 1129 2629 veraciter
1139 2567 1326 2640 innotescit,
1337 2569 1376 2627 ac'

217 2670 401 2732 secundum
427 2670 590 2752 judicium
613 2672 722 2735 omnis
753 2671 922 2754 sapientis,
948 2669 1124 2752 quamvis⁰
1146 2670 1189 2732 sit
1213 2669 1375 2751 languens

217 2771 406 2852 ignorantia
422 2776 511 2856 apud
528 2776 719 2857 ignorantes
735 2785 769 2838 et
787 2773 917 2850 stultos
932 2793 1027 2836 suam
1051 2772 1281 2834 confusionem
1304 2770 1375 2853 pal-

215 2875 295 2939 liare
317 2878 425 2941 vitant
435 2878 455 2940 ⁶.
497 2880 613 2942 Tertio
637 2899 714 2942 cum
736 2877 845 2960 judex
872 2886 1025 2941 teneatur
1051 2877 1173 2938 habere
1199 2874 1374 2938 scientiam

216 2999 344 3057 causae,
354 3002 421 3045 non
433 2983 535 3046 habet
547 2983 648 3046 homo
661 2984 818 3065 ignorans
831 2981 1065 3044 auctoritatem
1078 2980 1253 3062 judicandi
1269 2978 1311 3042 de
1322 2978 1374 3041 his

215 3103 356 3164 quorum
375 3086 477 3150 habet
493 3087 727 3169 ignorantiam,
742 3096 776 3149 et
792 3085 868 3149 ideo
884 3085 911 3148 si
927 3086 1069 3148 affirmet
1078 3083 1099 3160 ⁷,
1109 3084 1161 3147 vel
1178 3092 1288 3166 neget,
1301 3082 1374 3164 ejus

212 3185 338 3267 judicio
361 3190 439 3253 stari
463 3212 531 3254 non
555 3191 664 3266 debet,
687 3192 791 3253 immo
813 3210 857 3252 ex
880 3189 944 3252 hoc
966 3188 1197 3252 vehementius
1220 3188 1374 3250 resisten-
1466 3239 1473 3249 .

214 3292 305 3366 dum,
321 3292 412 3374 quod
428 3295 593 3357 sententia
608 3294 846 3377 qualiscunque
862 3293 986 3356 feratur
1008 3312 1052 3355 ex
1076 3292 1264 3374 ignorantia
1288 3312 1374 3373 quae

213 3396 446 3459 auctoritatem
475 3419 541 3462 non
568 3399 678 3461 habet.
727 3396 828 3463 Unde
850 3397 877 3460 si
903 3417 1018 3459 verum
1042 3395 1174 3472 diceret,
1197 3395 1373 3458 verisimile

214 3519 281 3562 non
298 3510 393 3577 esset,
409 3511 442 3565 et
458 3503 658 3567 sententiam
682 3503 871 3586 ignorantia
894 3502 1043 3565 foedaret
1053 3500 1073 3564 ⁸.
1120 3500 1208 3564 Nam
1233 3509 1270 3563 ut
1292 3500 1373 3563 dici-

214 3611 267 3666 tur
283 3604 316 3666 in
333 3604 416 3669 libro
432 3606 474 3670 de
490 3607 667 3670 virtutibus
683 3607 917 3684 cardinalibus,
933 3606 978 3669 ibi
995 3605 1120 3668 nullam
1137 3606 1371 3669 auctoritatem

213 3703 314 3767 habet
331 3708 505 3782 sententia,
522 3707 579 3772 ubi
595 3709 652 3790 qui
667 3707 880 3771 damnandus
897 3716 948 3770 est
964 3705 1112 3769 damnat.
1159 3705 1373 3788 Quapropter

213 3807 282 3870 sive
292 3809 542 3893 sapiens⁹apud
552 3810 709 3894 vulgus10,
720 3811 982 3874 sivesecundum
992 3810 1176 3885 veritatem,
1186 3809 1254 3872 sive
1265 3810 1373 3871 bonus

213 3931 271 3974 seu
294 3922 430 3976 sanctus
452 3914 595 3978 affirmet
610 3916 661 3978 vel
683 3915 837 3999 reprobet
860 3912 951 3996 quod
968 3915 1107 3996 ignoret,
1122 3921 1156 3976 et
1172 3913 1321 3974 maxime
1337 3913 1371 3974 in

213 4017 466 4080 excusationem
487 4038 568 4081 suae
591 4019 799 4101 ignorantiae
821 4018 873 4081 vel
897 4017 1157 4080 ostentationem
1187 4015 1372 4098 sapientiae

212 4120 414 4200 apparentis,
429 4121 606 4204 approbari
627 4143 694 4184 non
717 4121 818 4184 debet
841 4119 884 4184 de
906 4121 969 4183 hac
992 4129 1096 4203 parte,
1110 4118 1170 4182 sed
1192 4118 1317 4201 negligi
1337 4127 1372 4182 et

212 4218 404 4296 contradici,
419 4222 572 4304 quamvis
588 4222 621 4285 in
638 4221 710 4285 aliis
726 4221 830 4304 suerit
840 4219 1017 4302 magnifice
1033 4218 1283 4282 collaudandus.

242 4336 252 4368 ¹
268 4338 311 4400 V.,
325 4341 471 4404 cognoscit3
488 4341 530 4403 0.,
545 4341 674 4393 concessit.
901 4339 913 4371 ²
929 4340 962 4391 Ο.
973 4356 1022 4390 om.
1032 4340 1178 4404 sapientiae.

242 4417 313 4483 ³0,
326 4423 451 4486 sapientes
461 4423 564 4488 vulgati.
640 4422 711 4488 ⁴0,
725 4422 828 4474 malitia.
899 4422 1135 4483 ⁵0.‚hominibus.

242 4503 252 4534 ὅ
269 4504 301 4554 Ο.
315 4520 365 4554 om.
379 4505 615 4569 quamvis—vitant.
897 4504 908 4537 ⁷
922 4505 947 4570 J.
961 4505 1006 4568 0.,
1018 4506 1050 4554 de
1060 4504 1111 4554 illis
1121 4504 1235 4555 affirmet„

240 4583 252 4616 ⁸
265 4585 290 4650 J.
304 4585 326 4636 is
336 4585 484 4652 imperfect:
507 4589 530 4640 ‘.
551 4625 558 4640 .
578 4625 585 4640 .
604 4589 624 4650 [l
634 4588 796 4649 sententiam]
807 4588 950 4653 ignorantia
961 4585 1092 4638 foedaret.'
1132 4588 1176 4648 V.,
1190 4589 1371 4644 sententiandis

208 4667 349 4732 ignorantia
360 4669 510 4722 foedaretur.
546 4671 578 4722 Ο.
593 4671 667 4721 omits
679 4671 722 4722 the
733 4671 823 4722 words,

239 4747 249 4781 ⁰
265 4745 309 4814 02,
323 4751 457 4818 sapientes.
884 4750 905 4783 ¹⁰
920 4752 956 4817 J,
969 4751 1022 4803 sive
1033 4753 1144 4818 vulgum.
