3559 5442
542 665 840 728 LINGUARUM
858 665 1090 729 COGNITIO.
1339 681 1392 722 121

235 826 389 910 antiquas
410 827 594 891 secundum
614 827 830 912 [sententiam
853 877 860 892 .
883 878 890 893 .
916 827 961 912 .]1
984 838 1018 894 et
1042 828 1181 892 aliorum
1205 825 1394 910 sapientum

233 940 396 1013 quantum
420 930 555 996 literalis
577 933 747 1014 expositio
769 932 914 1015 requirit,
929 941 962 998 et
985 933 1018 995 in
1037 931 1214 996 universali
1230 939 1393 1014 quantum

232 1033 276 1098 ad
289 1055 424 1100 sensum
440 1034 655 1118 spiritualem.
695 1036 783 1101 Nam
799 1045 916 1100 textus
931 1035 1055 1120 ubique
1070 1034 1285 1118 spiritualiter
1296 1044 1394 1097 sonat

235 1140 395 1203 Messiam
426 1138 550 1222 quem2
580 1140 749 1204 Christum
778 1139 930 1216 dicimus,
960 1140 1044 1204 sicut
1067 1140 1129 1223 ipsi
1155 1138 1302 1202 Hebraei
1325 1158 1393 1201 non

232 1243 398 1324 ignorant,
415 1263 456 1306 eo
470 1243 560 1326 quod
577 1253 761 1327 expectant
782 1244 893 1328 ipsum
908 1253 1094 1319 venturum,
1110 1243 1169 1306 sed
1192 1243 1225 1307 in
1242 1252 1394 1326 tempore

232 1347 283 1410 sui
306 1349 470 1411 adventus
486 1347 618 1430 decepti
641 1357 726 1412 sunt.
772 1347 805 1413 Ο
828 1347 990 1411 damnum
1014 1347 1182 1411 ineffabile
1197 1348 1394 1423 animarum,

232 1471 308 1514 cum
324 1450 420 1515 facile
435 1459 523 1514 esset
533 1451 789 1515 innumerabiles
801 1451 966 1534 Judaeos³
981 1453 1128 1516 converti
1141 1457 1147 1514 1
1194 1451 1293 1534 Quod
1304 1460 1392 1514 esset

233 1555 415 1638 pessimum
431 1556 509 1638 quia
531 1555 576 1618 ab
597 1556 645 1618 eis
668 1555 924 1620 fundamentum
948 1555 1025 1620 fidei
1049 1565 1182 1620 nostrae
1205 1556 1337 1639 incepit,
1358 1566 1393 1618 et

232 1659 429 1723 deberemus
444 1659 652 1723 considerare
667 1660 758 1742 quod
781 1670 860 1724 sunt
875 1661 919 1724 de
942 1660 1069 1725 semine
1084 1661 1343 1744 patriarcharum
1359 1669 1393 1722 et

233 1762 479 1846 prophetarum,
504 1773 546 1841 et,
572 1763 663 1846 quod
693 1762 768 1847 plus
793 1773 853 1839 est,
878 1763 922 1827 de
948 1785 1063 1828 eorum
1094 1765 1196 1847 stirpe
1226 1764 1394 1828 Dominus

232 1877 330 1930 natus
343 1874 439 1930 estet
453 1866 598 1948 gloriosa
606 1867 711 1950 Virgo
721 1876 755 1930 et
764 1867 907 1952 apostoli
916 1877 951 1930 et
967 1868 1223 1931 innumerabiles
1235 1865 1394 1951 [sancti]4

232 1993 252 2034 a
268 1971 431 2055 principio
447 1971 617 2034 Ecclesiae
632 1970 884 2036 descenderunt.
922 1971 1054 2036 Deinde
1070 1971 1188 2036 Graeci
1200 1982 1234 2035 et
1245 1971 1393 2034 Rutheni

232 2081 266 2134 et
293 2070 389 2134 multi
413 2071 469 2134 alii
493 2064 717 2135 schismatici⁶
740 2069 890 2137 similiter
916 2071 950 2135 in
973 2091 1082 2134 errore
1109 2071 1291 2154 perdurant
1314 2072 1394 2153 quia

233 2194 300 2236 non
312 2173 522 2256 praedicatur
532 2173 580 2236 eis
593 2174 714 2236 veritas
722 2173 758 2236 in
770 2193 884 2237 eorum
895 2174 1018 2256 lingua,
1030 2183 1063 2236 et
1076 2174 1233 2239 Saraceni
1244 2173 1394 2237 similiter

234 2285 266 2341 et
289 2277 426 2360 Pagani,
441 2297 479 2340 ac
496 2276 637 2353 Tartari,
653 2286 687 2339 et
703 2278 824 2342 caeteri
847 2276 998 2340 infideles
1022 2298 1079 2361 per
1094 2287 1203 2341 totum
1220 2277 1392 2341 mundum.

236 2381 307 2443 Nec
329 2380 419 2444 valet
441 2379 565 2444 bellum
589 2390 704 2444 contra
725 2402 784 2445 eos
799 2381 959 2464 quoniam
982 2381 1164 2464 aliquando
1179 2381 1394 2444 confunditur

235 2483 385 2547 Ecclesia
408 2485 442 2547 in
465 2482 560 2547 bellis
576 2483 851 2564 Christianorum,
868 2494 905 2548 ut
928 2484 1014 2548 ultra
1036 2506 1127 2548 mare
1149 2505 1249 2568 saepe
1271 2485 1392 2549 accidit

233 2597 267 2652 et
290 2588 439 2651 maxime
461 2587 495 2650 in
511 2586 629 2650 ultimo
649 2589 810 2666 exercitu,
825 2589 952 2652 seilicet
966 2587 1093 2653 domini
1111 2589 1214 2670 Regis
1232 2589 1393 2652 Franciae

234 2701 271 2758 ut
293 2701 384 2756 totus
411 2691 557 2756 mundus
586 2691 717 2783 [scit]⁰;
739 2700 773 2760 et
796 2691 878 2758 alias
901 2692 928 2756 si
951 2692 1087 2758 vincunt
1115 2692 1302 2768 Christiani,
1325 2712 1392 2755 non

235 2805 285 2859 est
301 2795 358 2877 qui
381 2805 485 2858 terras
507 2804 687 2878 occupatas
702 2794 869 2862 defendat.
915 2795 986 2860 Nec
1010 2795 1056 2858 sic
1079 2803 1316 2858 convertuntur
1334 2795 1392 2858 sed

234 2898 431 2962 occiduntur
446 2907 480 2962 et
503 2899 682 2963 mittuntur
698 2899 731 2962 in
748 2898 924 2962 insemum.
970 2897 1108 2962 Residui
1120 2918 1198 2960 vero
1210 2898 1267 2980 qui
1283 2919 1395 2981 super·

233 3012 312 3066 sunt
334 3013 411 3086 post
433 3002 520 3066 bella
536 3001 593 3073 filii
616 3022 731 3066 eorum
754 3002 923 3070 irritantur
949 3002 1057 3084 magis
1082 3023 1121 3064 ac
1148 3003 1255 3085 magis
1278 3012 1394 3065 contra

234 3105 334 3171 fidem
352 3105 576 3171 Christianam
599 3114 735 3190 propter
750 3105 829 3170 istas
850 3125 997 3189 guerras,
1011 3115 1044 3168 et
1061 3106 1093 3168 in
1110 3103 1275 3170 infinitum
1292 3125 1311 3168 a
1327 3104 1394 3168 fide

234 3209 356 3275 Christi
393 3208 600 3292 elongantur,
629 3218 663 3272 et
698 3208 947 3280 inflammantur
976 3217 1014 3272 ut
1043 3209 1156 3272 omnia
1186 3209 1276 3274 mala
1306 3229 1393 3292 quae

233 3322 373 3396 possunt
396 3313 520 3376 faciant
543 3313 748 3377 Christianis.
794 3313 897 3379 Unde
923 3313 1080 3378 Saraceni
1107 3323 1241 3395 propter
1267 3313 1330 3376 hoc
1358 3314 1391 3375 in

232 3417 345 3480 multis
357 3415 473 3480 mundi
484 3416 634 3500 partibus
644 3415 960 3500 fiuntimpossibiles
970 3416 1232 3495 conversioni;et
1244 3417 1394 3480 maxime

232 3520 319 3582 ultra
341 3539 434 3584 mare
456 3528 490 3582 et
513 3519 546 3582 in
571 3518 727 3590 Prussi-a⁷
749 3529 784 3584 et
808 3521 903 3583 terris
926 3519 1042 3582 vicinis
1066 3519 1297 3596 Alemanniae,
1314 3520 1392 3602 quia

230 3622 438 3709 Templarii⁸
468 3632 502 3686 et
533 3623 752 3706 Hospitalarii
783 3632 817 3688 et
844 3623 963 3688 fratres
994 3623 1037 3686 de
1065 3624 1178 3687 Domo
1205 3622 1393 3688 Teutonica

232 3727 375 3792 multum
398 3726 594 3811 perturbant
618 3728 866 3798 conversionem
890 3727 1073 3792 infidelium
1097 3736 1232 3811 propter
1257 3748 1394 3810 guerras

231 3853 315 3915 quas
337 3852 469 3916 semper
492 3841 636 3905 movent,
659 3841 692 3901 et
715 3841 851 3916 propter
872 3833 937 3897 hoc
953 3831 1044 3915 quod
1069 3831 1236 3916 [vo]lunt⁹
1255 3832 1394 3896 omnino

232 3936 404 4000 dominari.
451 3935 484 4000 N
485 3957 528 4000 on
545 3937 635 4000 enim
652 3945 702 3999 est
725 3935 864 4001 dubium
881 3937 961 4020 quin
972 3936 998 3978 ¹⁰
1012 3956 1129 4000 omnes
1145 3937 1297 3999 nationes
1321 3934 1394 3998 infi-

231 4039 355 4103 delium
383 4038 471 4104 ultra
496 4038 733 4105 Alemanniam
760 4039 902 4103 fuissent
923 4040 980 4104 diu
1008 4060 1196 4116 conversae,
1219 4039 1282 4102 nisi
1305 4048 1394 4102 esset

230 4142 389 4208 violentia
405 4144 542 4206 fratrum
567 4142 609 4206 de
633 4143 745 4207 Domo
768 4143 963 4220 Teutonica,
979 4144 1058 4226 quia
1080 4163 1163 4224 gens
1186 4162 1394 4225 paganorum

231 4244 293 4317 fuit
309 4245 479 4310 multoties
492 4255 608 4329 parata
621 4246 766 4330 recipere
777 4245 877 4317 fidem
889 4247 924 4309 in
935 4267 1017 4330 pace
1029 4245 1212 4316 secundum
1224 4245 1248 4283 ²¹
1264 4245 1395 4328 praedi-

262 4409 317 4476 ¹J]‚
331 4409 438 4473 Senam,
450 4411 568 4461 followed
579 4411 728 4475 byablank
737 4426 820 4476 space.
1040 4409 1096 4477 ²J.,
1109 4427 1194 4476 quam.

261 4490 316 4556 ⁸J.,
327 4493 439 4559 Judaeis.
636 4492 647 4523 ⁴
658 4493 739 4559 Space
750 4493 794 4543 left
805 4493 883 4544 blank
895 4494 920 4544 in
929 4495 954 4560 J.
1044 4493 1099 4559 ⁶J.,
1113 4492 1260 4543 Scimastici.

260 4573 271 4605 ⁰
282 4575 365 4625 Blanlr
376 4575 403 4624 in
412 4575 438 4640 J.
635 4574 691 4638 ⁷J.,
704 4576 812 4630 Pnrsoia.
1047 4574 1247 4642 ⁸J.,Templani.

260 4655 271 4688 ⁹
282 4657 339 4709 MS.
353 4674 424 4708 worn
434 4658 502 4708 here.
624 4655 689 4723 1⁰J.,
701 4657 754 4723 qui.
1038 4656 1058 4688 ¹¹
1068 4658 1092 4724 J.
1106 4658 1158 4709 sed.
