3559 5442
583 662 765 726 crusna
784 663 996 726 annom.
1335 682 1370 739 μ

216 825 377 891 mandato
404 825 589 911 apostolico
612 825 679 910 per
694 827 784 910 leges
807 825 1054 890 astronomiae¹
1084 825 1319 889 laboraverunt
1340 827 1375 889 in

216 931 278 994 hac
294 940 397 1014 parte.
443 929 511 994 Sed
534 929 620 992 aliae
642 930 801 992 scientiae
825 929 967 1010 majores
990 929 1124 992 luerunt
1146 927 1327 1011 neglectae,
1342 939 1376 992 et

216 1034 394 1116 praecipue
416 1031 514 1096 illae²
544 1053 630 1115 quae
653 1031 779 1114 judicia
805 1041 839 1097 et
862 1053 963 1114 opera
990 1031 1173 1116 sapientiae
1197 1030 1377 1114 magnifica

217 1146 399 1200 noscuntur
414 1137 592 1200 continere.
635 1137 680 1200 Et
696 1136 796 1217 hujus
811 1155 913 1200 causa
929 1135 991 1199 luit
1007 1135 1217 1218 quadruplex
1226 1136 1247 1198 ³.
1287 1137 1376 1198 Nam

217 1237 429 1320 philosophia
453 1245 532 1300 ante
554 1235 677 1300 Christi
700 1237 881 1300 adventum
905 1234 999 1298 dedit
1021 1236 1112 1318 leges
1135 1234 1270 1312 mund0,
1284 1257 1378 1318 prae-

218 1343 370 1423 terquam
394 1340 519 1424 populo
544 1340 786 1416 Hebraeorum,
801 1349 871 1403 tam
892 1338 935 1402 de
957 1340 1049 1403 cultu
1072 1341 1186 1404 divino
1209 1360 1311 1422 quam
1335 1340 1378 1403 de

219 1445 366 1508 moribus
390 1454 424 1507 et
448 1443 576 1527 legibus
598 1444 756 1526 justitiae,
772 1443 863 1527 pacis
887 1445 973 1506 inter
994 1445 1091 1518 cives,
1105 1452 1139 1506 et
1162 1443 1239 1506 belli
1262 1452 1379 1506 contra

219 1547 425 1611 adversarios
440 1547 640 1630 reipublicae
649 1547 670 1611 4.
704 1546 751 1609 Et
766 1547 925 1629 quoniam
938 1547 1131 1630 hujusmodi
1143 1546 1234 1629 leges
1246 1548 1379 1625 suerunt

220 1651 319 1715 datae
334 1653 498 1734 quantum
515 1649 624 1733 potuit
642 1649 789 1713 humana
812 1651 905 1728 ratio,
921 1650 1104 1714 secundum
1121 1651 1234 1733 quod⁵
1249 1652 1379 1714 Aristo-

219 1756 314 1819 teles*
332 1755 404 1819 vult
434 1756 468 1820 in
500 1755 566 1818 fine
596 1755 801 1831 Ethicorum,
825 1755 882 1818 ubi
912 1756 1033 1818 transit
1055 1753 1098 1817 ad
1122 1755 1242 1818 librum
1266 1755 1378 1838 legum

220 1860 344 1937 dicenS,
359 1861 522 1922 Dicamus
545 1880 634 1922 nunc
657 1869 820 1941 quantum
845 1858 1002 1941 possibile
1024 1867 1076 1920 est
1099 1859 1329 1942 philosophiae
1345 1859 1378 1923 in

220 1963 320 2026 rebus
350 1963 515 2040 humanis,
541 1962 707 2046 principes
738 1962 855 2025 mundi
884 1983 945 2044 per
971 1961 1186 2046 philosophos
1216 1964 1381 2046 regulati⁰

222 2067 400 2130 noluerunt
430 2067 575 2149 recipere
605 2065 713 2149 legem
737 2065 869 2142 Christi,
892 2085 978 2147 quae
1001 2064 1063 2128 fuit
1094 2086 1195 2148 supra
1217 2069 1380 2131 rationem

221 2171 415 2246 humanam,
436 2180 471 2233 et
494 2169 569 2232 ideo
592 2169 804 2253 philosophia
827 2169 1012 2250 ingressum
1036 2167 1113 2231 fidei
1140 2170 1324 2253 impedivit,
1346 2173 1380 2235 in

136 2359 138 2361 ι
222 2275 285 2338 hoc
302 2273 392 2357 quod
410 2275 555 2336 mundus
571 2293 610 2335 ea
626 2272 791 2337 deductus
808 2272 873 2354 legi
890 2271 1020 2334 celsiori
1036 2272 1163 2336 horruit
1184 2277 1384 2341 consentire.

267 2378 444 2443 Caeterum
475 2397 543 2439 non
574 2376 682 2438 solum
720 2375 783 2438 hoc
821 2375 924 2438 modo
957 2375 1169 2459 philosophia
1201 2378 1383 2443 retardavit

222 2479 323 2544 fidem
337 2479 469 2556 Christi,
480 2479 539 2542 sed
553 2478 627 2571 iure
643 2478 756 2560 legum
771 2481 905 2540 suarum
918 2477 961 2540 de
976 2477 1176 2560 reipublicae
1190 2479 1384 2544 defensione

223 2586 267 2648 ab
292 2584 383 2647 omni
408 2583 574 2646 contrario
599 2602 699 2645 sensu
726 2582 797 2644 visa
823 2591 874 2644 est
899 2585 961 2664 per‘
981 2581 1108 2663 judicia
1132 2583 1328 2662 futurorum,
1350 2597 1384 2650 et

223 2689 449 2752 ostensionem
469 2691 596 2749 'rerum
630 2684 834 2750 occultarum
867 2686 1102 2769 praesentium,
1131 2695 1165 2750 et
1195 2709 1254 2771 per
1282 2709 1385 2770 opera

224 2792 388 2856 mirabilia
417 2791 518 2875 supra
551 2793 689 2853 naturae
726 2800 760 2852 et
795 2790 878 2852 artis
915 2791 1138 2852 communiter
1173 2795 1383 2874 operantium

225 2899 437 2982 potestatem,
466 2893 667 2962 contendere
697 2913 773 2956 cum
812 2892 889 2956 fidei
923 2892 1213 2976 praedicatoribus,
1242 2917 1384 2978 quorum

224 3000 396 3084 proprium
421 2999 483 3062 fuit
510 3017 576 3060 non
605 3017 663 3080 per
688 3009 841 3059 naturam
868 3004 903 3059 et
929 3005 1045 3072 artem,
1067 2996 1125 3060 sed
1149 3018 1208 3081 per
1231 2999 1295 3062 Dei
1322 3001 1385 3063 vir·

225 3113 343 3182 tutem,
365 3101 574 3186 prophetiam
599 3100 641 3163 de
664 3099 782 3163 suturis
805 3108 963 3177 eructare,
986 3099 1119 3163 occulta
1144 3101 1326 3184 producere
1350 3103 1384 3167 in

226 3207 345 3284 lucem,
363 3205 522 3268 miracula
542 3206 710 3268 suscitare.
756 3203 861 3266 -Nam
884 3202 976 3286 quod
998 3203 1215 3287 prophetiae⁷
1237 3217 1387 3290 potestas

226 3311 337 3375 valeat
363 3307 541 3392 magnifica
564 3315 731 3391 peragere,
753 3327 839 3390 quae
861 3307 981 3389 vulgus
1004 3326 1072 3370 non
1095 3308 1203 3372 solum
1227 3309 1386 3375 laicorum

226 3415 287 3478 sed
310 3413 504 3476 clericorum
528 3411 665 3475 duceret
686 3431 747 3494 pro
770 3410 946 3486 miraculis,
966 3413 1140 3492 sequentia
1161 3411 1387 3478 declarabunt

229 3519 371 3582 Necnon
387 3525 530 3580 rectores
547 3535 655 3578 rerum
671 3513 879 3596 publicarum
897 3514 1026 3596 'ubique
1050 3536 1109 3598 per
1128 3517 1266 3580 consilia
1281 3519 1388 3600 philo·

228 3621 409 3705 sophorum
426 3640 503 3682 suas
519 3618 610 3701 leges
626 3616 804 3681 zelantium
819 3618 1059 3699 persecutionis
1074 3628 1109 3682 et
1126 3622 1242 3683 mortis
1261 3622 1389 3703 judicia

229 3726 356 3790 sanctis
385 3725 451 3788 Dei
481 3724 626 3807 graviter
654 3721 845 3785 intulerunt.
915 3721 1055 3805 Insuper
1087 3743 1140 3786 ars
1170 3726 1301 3808 magica
1330 3748 1390 3810 per

229 3838 340 3892 totum
363 3827 477 3890 orbem
499 3825 714 3902 invalescens,
736 3845 906 3908 occupans
929 3824 1081 3888 homines
1103 3825 1136 3888 in
1160 3829 1252 3890 omni
1275 3849 1389 3911 super-

228 3935 367 3997 stitione
397 3939 431 3994 et
462 3929 578 3993 fraude
614 3928 783 4011 religionis
793 3928 814 4006 ⁸,
844 3928 996 4010 quamvis
1027 3928 1151 3994 fuerit⁹
1183 3931 1389 4016 philosophis

230 4036 348 4100 odiosa
372 4043 406 4098 et
429 4035 472 4098 ab
501 4033 657 4097 omnibus
687 4031 864 4107 debellata,
890 4041 928 4095 ut
958 4031 1192 4097 certificabitur
1221 4055 1282 4098 suo
1308 4037 1390 4112 loco,

230 4147 344 4205 tamen
371 4139 478 4202 sancti
501 4135 659 4222 primitivi
687 4134 894 4199 invenientes
916 4135 1080 4199 mundum
1104 4137 1166 4201 hac
1188 4150 1389 4223 occupatum

232 4389 235 4395 ,
262 4342 324 4394 ³0.
338 4343 422 4408 places
432 4357 479 4407 ‘per
490 4341 558 4405 leges
567 4338 735 4389 astronomiae
746 4338 943 4389 alterEcclesia.
981 4336 1052 4402 ²0,
1066 4338 1136 4390 istae.
1180 4400 1183 4405 Δ

263 4424 493 4490 ³O.,quintiplex.
588 4420 646 4472 ⁴0.
662 4437 712 4471 om.
726 4421 885 4486 reipublicae.
980 4419 1293 4485 ⁶O.,utprosecundum
1304 4427 1382 4490 quod.

232 4547 236 4558 .
262 4506 274 4540 ⁸
291 4508 322 4559 Ο.
343 4523 393 4558 om.
413 4521 457 4572 per
474 4504 640 4570 philosophos
656 4503 763 4568 regulati
772 4522 784 4557 ι,
796 4503 859 4552 aster
876 4501 1000 4552 rationem
1016 4503 1161 4564 humanam,
1180 4505 1213 4555 Ο.
1233 4507 1285 4569 has,
1302 4517 1327 4558 et
1344 4509 1393 4576 ipsi

231 4589 331 4641 suerunt
342 4589 452 4653 regulati
458 4588 596 4638 secundum
606 4584 779 4650 philosophos

264 4671 335 4733 ⁷0,
350 4669 505 4737 'prophetica
589 4666 649 4719 8Ο.
663 4684 713 4718 om.
726 4666 861 4732 religionis.
985 4663 1034 4732 ⁹J.
1049 4667 1093 4731 0.,
1107 4667 1195 4722 luerat.
