3559 5442
387 693 446 748 180
634 691 933 750 ADDITIONAL
955 690 1114 758 NOTES,
1141 690 1227 749 VOL.
1251 691 1297 748 Il.

386 858 467 907 solum
478 866 516 908 est
533 858 621 924 equale
637 858 717 907 lineae
733 857 806 907 datae
823 857 908 907 sedad
919 855 1026 906 invicem
1038 863 1096 906 sunt
1107 855 1213 922 equalia‚
1231 863 1258 906 et
1273 856 1331 906 ideo
1348 856 1484 921 triangulus
1500 857 1549 905 erit

386 939 553 1004 equilatems:
574 941 725 1005 quicumque
742 955 801 988 vero
818 939 883 988 hanc
900 938 1138 988 demonstrationem
1159 937 1315 1002 potissimam
1335 939 1411 988 habet
1431 938 1484 988 sine
1505 955 1548 987 ex·

386 1021 507 1087 perientia
519 1024 555 1084 (et
565 1039 617 1088 seq.
622 1024 638 1082 ).

419 1120 444 1168 p.
461 1105 513 1154 168.
528 1104 543 1152 l.
558 1120 597 1154 21.
633 1103 686 1153 sine
697 1101 923 1165 demonstratione]
955 1103 988 1154 X.
999 1102 1045 1150 has
1053 1101 1107 1151 sine
1114 1100 1278 1162 dubitatione,
1291 1101 1373 1150 which
1385 1101 1407 1150 is
1416 1101 1549 1150 doubtless

386 1185 460 1249 right.

420 1286 445 1333 p.
461 1268 515 1321 168.
529 1269 545 1317 l.
559 1284 598 1318 22.
634 1276 660 1317 et
682 1267 730 1317 boc
751 1267 831 1334 patet]
859 1267 893 1318 X.
918 1268 971 1328 has,
997 1268 1031 1317 Et
1059 1266 1080 1314 si
1106 1273 1280 1330 argumentum
1313 1281 1365 1315 non
1393 1265 1481 1314 sufficit
1514 1267 1548 1314 ad

387 1351 590 1400 certificationem
613 1349 732 1408 veritatis,
757 1350 831 1412 longe
858 1350 940 1398 minus
967 1347 1101 1398 auctoritas
1123 1347 1221 1408 sufficit,
1240 1348 1358 1412 quoniam
1380 1348 1487 1397 debilior
1510 1357 1548 1397 est

388 1433 500 1493 ratione;
517 1442 541 1481 et
552 1432 735 1495 argumentatio
751 1432 828 1480 habet
844 1432 961 1480 virtutem
978 1445 1035 1479 cum
1047 1445 1091 1495 per
1106 1430 1228 1479 rationem
1246 1428 1348 1494 recipiat
1360 1429 1448 1478 stabile
1460 1429 1548 1478 lunda-

389 1522 507 1566 mentum.
545 1514 617 1564 Haec
627 1512 701 1576 igitur
718 1513 821 1561 scientia
833 1512 886 1562 vult
903 1513 994 1561 docere
1010 1513 1078 1576 quod
1096 1519 1196 1560 nonest
1208 1509 1549 1574 confidendumargumento

388 1605 431 1646 aut
437 1597 578 1646 auctoritati
590 1595 636 1644 nisi
645 1596 727 1660 aliqua
738 1594 892 1660 experientia
901 1594 970 1643 sortis
981 1595 1022 1643 vel
1033 1593 1093 1642 levis
1104 1593 1235 1653 habeatur,
1248 1600 1272 1642 et
1285 1593 1333 1642 hoc
1344 1603 1413 1658 patet
1425 1594 1459 1652 (et
1471 1594 1546 1657 seq.).

421 1696 445 1744 p.
463 1681 515 1731 168.
529 1681 545 1728 l.
561 1695 599 1740 24.
634 1694 699 1742 quae
710 1686 767 1726 sunt
778 1677 894 1739 omnino]
925 1685 1058 1741 quaesunt
1070 1691 1121 1725 non
1132 1677 1213 1725 solum
1223 1675 1299 1724 dubia
1310 1676 1353 1724 sed
1364 1675 1467 1723 omnino
1480 1676 1546 1737 (X).

421 1778 447 1826 p.
469 1762 549 1813 168.l.
565 1777 604 1824 29.
640 1760 796 1809 elaboratum
812 1768 850 1808 est
869 1759 901 1808 ad
921 1759 981 1820 hoc]
1014 1759 1045 1808 X.
1071 1757 1208 1818 continues,
1227 1767 1251 1806 et
1275 1759 1358 1822 plures
1374 1757 1498 1822 sapientes
1521 1767 1547 1806 et

388 1844 484 1908 experti
495 1850 651 1893 tentaverunt
664 1843 720 1903 hoc,
739 1850 763 1890 et
780 1858 831 1892 non
849 1841 1004 1899 invenerunt,
1015 1847 1168 1906 quapropter
1179 1841 1267 1904 vulgus
1275 1839 1364 1889 falsum
1382 1849 1423 1888 aut
1441 1839 1546 1888 dubium

388 1925 474 1974 asserit
486 1925 512 1974 in
524 1925 572 1974 hoc
580 1940 648 1976 casu.

421 2023 445 2071 p.
462 2008 516 2056 168.
531 2007 546 2054 l.
564 2022 602 2068 30.
638 2004 689 2054 vidi
706 2005 784 2054 oculis
801 2003 874 2066 meis]
908 2005 941 2054 X.
959 2005 1013 2063 has,
1027 2002 1131 2068 probavi
1142 2019 1187 2068 per
1197 2003 1375 2068 experientiam
1387 2010 1445 2051 ante
1459 2004 1547 2051 oculos

389 2105 467 2138 meos.

421 2188 445 2236 p.
463 2171 600 2235 168.l.31.
636 2169 710 2233 hujus
726 2168 833 2234 lapides]
866 2169 899 2219 X.
924 2169 995 2229 adds,
1018 2176 1042 2216 et
1060 2168 1107 2217 hoc
1126 2167 1207 2217 sciunt
1225 2167 1307 2216 rustici
1324 2167 1368 2232 qui
1391 2166 1469 2217 dediti
1488 2175 1545 2216 sunt

390 2252 568 2317 experimentis
577 2267 741 2316 gemmarum.

422 2353 446 2401 p.
464 2335 585 2398 169.1.1.
620 2350 665 2383 sua
677 2333 830 2396 testimonia]
863 2333 896 2384 X.
910 2333 964 2394 has,
982 2331 1178 2382 suostesticulos
1195 2333 1251 2381 loco
1268 2332 1383 2391 naturali,
1395 2340 1548 2396 quapropter

389 2422 500 2462 castorea
508 2428 559 2461 non
571 2420 628 2461 sunt
640 2410 755 2472 testiculi,
767 2412 811 2460 sed
823 2410 956 2460 humorum
966 2409 1080 2476 specialis
1091 2410 1250 2474 congregatio
1260 2426 1337 2474 quam
1347 2417 1434 2458 natura
1446 2418 1548 2474 propter

387 2495 506 2545 utilitates
522 2510 626 2559 magnas
642 2493 762 2558 sagaciter
779 2502 906 2559 operatur,
925 2499 950 2542 et
967 2493 1015 2543 hoc
1033 2492 1109 2542 scitur
1124 2493 1157 2540 ab
1173 2492 1263 2557 eisqui
1281 2492 1395 2542 viderunt
1407 2498 1431 2540 et
1449 2492 1545 2557 experti

387 2587 445 2628 sunt
456 2597 464 2638 ;
480 2584 505 2627 et
517 2577 575 2627 ideo
585 2575 654 2642 quod
666 2577 787 2640 (etseq.).
1238 2585 1241 2591 ’

420 2677 444 2726 p.
462 2661 517 2723 169.
532 2660 548 2709 l.
563 2674 587 2719 4.
623 2657 748 2707 abscindit
764 2658 888 2719 castorea]
921 2658 953 2706 X.
968 2658 1038 2716 adds,
1053 2664 1078 2706 et
1091 2656 1280 2706 haecsiessent
1291 2663 1361 2706 extra
1371 2671 1470 2720 corpus,
1483 2671 1546 2704 nun·

386 2759 463 2807 quam
474 2743 577 2791 bmtum
588 2740 681 2790 animal
694 2739 768 2789 sciret
779 2739 841 2804 quid
852 2739 954 2788 libertas
965 2738 1060 2788 arbitrii
1071 2738 1174 2788 humani
1186 2738 1315 2802 cogitaret.

419 2841 444 2889 p.
461 2826 515 2887 169.
531 2825 548 2873 l.
563 2839 586 2884 7.
617 2821 713 2872 inimici
729 2821 777 2872 sibi
793 2819 937 2884 obviantes]
970 2821 1002 2872 X.
1024 2820 1097 2880 adds,
1110 2827 1135 2870 et
1151 2821 1219 2885 quod
1237 2836 1303 2885 aqua
1322 2820 1403 2870 calida
1414 2819 1445 2869 sit
1468 2820 1547 2870 rarior

388 2914 488 2973 propter
498 2906 569 2971 quod
586 2904 673 2954 fortius
690 2912 805 2970 penetrat
821 2903 907 2967 frigus,
926 2901 1003 2953 etita
1020 2918 1066 2968 pro
1081 2902 1214 2952 salsissimo
1231 2902 1383 2952 sententiant
1400 2910 1424 2951 et
1442 2903 1546 2951 credunt

387 2988 495 3053 optimas
506 3002 592 3036 causas
602 2985 728 3049 assignare
739 3004 747 3046 3
763 2986 807 3035 sed
819 2992 914 3034 certum
925 2990 963 3034 est
974 2985 1009 3045 (et
1021 3001 1072 3048 seq.
1078 2986 1093 3045 ).

420 3082 446 3129 p.
462 3067 515 3128 169.
530 3066 546 3115 l.
579 3065 601 3115 8.
636 3063 786 3129 experienti]
818 3061 882 3111 sicut
891 3061 997 3126 quilibet
1008 3070 1090 3127 potest
1101 3061 1206 3128 probare
1216 3077 1261 3126 per
1273 3059 1451 3126 experientiam
1464 3061 1528 3122 (X).

421 3164 444 3211 p.
462 3147 516 3210 169.
531 3147 548 3196 l.
565 3162 603 3206 14.
640 3144 812 3208 congelabitur
832 3143 932 3207 frigida]
966 3145 998 3193 X.
1021 3143 1119 3204 inserts,
1138 3142 1257 3193 Similiter
1269 3142 1356 3192 famosi
1374 3143 1498 3192 naturales
1521 3152 1546 3192 et

388 3227 539 3294 perspectivi
556 3227 660 3276 credunt
675 3227 744 3291 quod
760 3227 862 3292 speculo
878 3224 960 3290 posito
975 3225 1002 3274 in
1023 3241 1088 3290 aqua
1104 3233 1191 3274 contra
1208 3223 1291 3274 radios
1307 3223 1366 3273 solis
1378 3225 1406 3274 fit
1422 3223 1546 3288 apparitio

388 3311 475 3360 stellae
485 3325 543 3358 cum
555 3309 607 3358 sole
617 3317 645 3358 ut
656 3309 743 3358 stellae
754 3309 828 3370 firme,
841 3308 881 3357 vel
891 3307 990 3357 veneris
1001 3309 1080 3356 solem
1091 3306 1290 3368 concomitantis,
1303 3322 1368 3371 quae
1377 3323 1428 3355 non
1439 3307 1546 3356 multum

386 3409 401 3442 a
418 3391 477 3442 solis
492 3391 582 3441 vicinia
599 3391 738 3455 elongatur.
774 3389 839 3453 Quia
856 3389 986 3453 negligunt
1003 3389 1132 3446 candelam
1144 3387 1249 3455 experiri
1260 3389 1424 3454 decipiuntur,
1439 3396 1467 3438 ut
1478 3388 1547 3452 prius

387 3473 527 3538 expositum
546 3480 599 3533 est;
616 3473 685 3521 etad
702 3471 786 3521 radios
808 3471 882 3521 lunae
899 3469 1011 3520 similiter
1032 3479 1153 3536 apparent
1170 3471 1221 3520 duo
1236 3469 1313 3530 idola,
1331 3486 1408 3519 unum
1425 3472 1504 3536 majus
1521 3479 1547 3520 et

388 3556 510 3621 reliquum
522 3555 623 3615 minus3
644 3555 714 3618 cujus
728 3553 889 3603 velocitatem
907 3554 975 3602 nulla
991 3554 1063 3602 stella
1079 3560 1163 3618 potest
1178 3551 1346 3602 concomitari.
1383 3552 1449 3615 Quia
1471 3552 1546 3616 igitur

388 3639 415 3688 in
431 3639 511 3688 biset
528 3637 632 3687 infinitis
648 3637 771 3687 credimus
787 3635 943 3686 sermonibus
966 3636 1107 3700 vulgaribus
1124 3644 1148 3685 et
1166 3622 1302 3685 fantasticis
1318 3634 1471 3699 argumentis
1493 3651 1546 3684 non

388 3738 520 3787 possumus
534 3737 587 3772 esse
604 3719 746 3785 sapientes;
763 3727 789 3769 et
805 3720 873 3784 quod
890 3718 980 3767 mimm
998 3726 1045 3779 est,
1058 3718 1084 3767 in
1102 3725 1170 3769 textu
1187 3717 1331 3768 Aristotelis
1347 3725 1372 3767 et
1387 3735 1486 3768 suorum
1504 3735 1545 3768 ex-

388 3805 526 3871 positorum
537 3805 615 3853 multa
626 3802 781 3867 reperiuntur
789 3801 861 3862 salsa,
871 3817 936 3866 quae
948 3809 1031 3851 tamen
1043 3800 1107 3852 forte
1118 3803 1241 3851 debentur
1252 3801 1323 3850 malis
1335 3800 1546 3860 translationibus,

388 3895 489 3954 propter
504 3887 630 3936 desectum
647 3884 815 3950 experientiae
830 3883 857 3933 in
868 3883 977 3933 scientiis
993 3892 1017 3933 et
1034 3883 1059 3933 in
1071 3883 1152 3936 rebus.
1190 3885 1236 3933 Per
1251 3884 1297 3932 has
1313 3883 1387 3947 igitur
1403 3883 1456 3932 vias
1473 3883 1547 3931 docet

386 3973 449 4020 haec
460 3969 563 4020 scientia
580 3967 765 4032 experientialis
781 3965 934 4031 speculativa
950 3967 1017 4030 quod
1030 3982 1081 4015 non
1093 3974 1130 4016 est
1140 3965 1166 4015 in
1183 3964 1335 4030 argumentis
1351 3972 1393 4014 aut
1405 3964 1548 4014 auctoribus

387 4053 441 4103 sine
463 4051 617 4117 experientia
639 4050 825 4100 confidendum.
863 4050 970 4114 Oportet
999 4048 1073 4112 igitur
1101 4049 1230 4098 certificari
1247 4047 1331 4098 omnia
1352 4063 1396 4112 per
1413 4047 1545 4097 veritatem

386 4130 563 4197 experientiae.

419 4231 443 4279 p.
461 4215 515 4277 169.
530 4215 548 4264 l.
561 4229 600 4262 20.
636 4211 710 4273 sicut]
744 4210 865 4271 similiter,
879 4211 912 4260 X.

419 4313 444 4361 p.
462 4297 515 4358 169.
530 4296 545 4344 l.
562 4311 602 4345 21.
637 4292 780 4354 bominum]
813 4291 943 4340 hominum
955 4290 1075 4351 fidelium,
1090 4291 1121 4340 X.

420 4394 444 4442 p.
460 4393 513 4438 170.
528 4377 545 4426 l.
576 4393 598 4425 2.
635 4384 662 4423 ut
678 4373 750 4434 dicit]
784 4374 815 4422 X.
841 4373 913 4431 adds,
934 4373 967 4422 Et
990 4372 1035 4436 qui
1060 4373 1135 4422 habet
1160 4381 1290 4436 utramque
1314 4370 1436 4436 perfectus
1459 4377 1497 4420 est
1521 4372 1547 4420 in

385 4457 515 4525 sapientia,
525 4466 551 4507 ut
564 4457 616 4522 ipse
626 4468 651 4506 et
665 4457 726 4505 Hali
737 4464 919 4505 commentator
928 4455 980 4519 ejus
991 4455 1126 4504 declarant.

418 4560 443 4608 p.
461 4558 513 4602 170.
529 4540 544 4592 l.
576 4543 598 4590 6.
634 4539 706 4600 dicit]
741 4539 825 4603 pulcre
837 4537 980 4595 sententiat,
994 4538 1027 4585 X.

421 4643 444 4693 p.
462 4640 516 4688 170.
529 4625 544 4673 l.
562 4639 597 4673 11.
634 4621 781 4687 diffitentes]
813 4618 973 4678 diffinientes
989 4621 1020 4672 X.
