3559 5442
630 685 812 748 crusna
830 686 1041 747 Ennonss,
1393 701 1411 764 ς

255 846 375 930 super¹
390 849 473 912 alios
489 847 665 912 ruentium.
704 847 805 931 Quod
818 847 906 912 enim
924 848 957 911 in
973 857 1084 931 strage
1099 847 1273 913 hominum
1290 869 1414 932 magna

255 953 375 1030 evenit,
390 973 466 1016 cum
480 953 551 1036 ipse
567 973 603 1016 se
613 952 756 1036 populus
769 952 899 1035 premit,
911 973 1011 1016 nemo
1023 952 1069 1016 ita
1081 953 1171 1016 cadit
1183 962 1219 1016 ut
1231 973 1298 1016 non
1311 953 1413 1016 alium

255 1057 290 1118 in
318 1076 354 1118 se
379 1056 534 1134 attrahat,
557 1057 722 1140 primique
746 1065 824 1120 sunt
847 1055 974 1118 exitio¹
996 1056 1221 1148 sequentibus
1279 1056 1356 1120 Hoc
1380 1058 1414 1119 in

162 1228 168 1241 ,
255 1161 348 1222 omni
359 1161 429 1223 vita
444 1159 594 1224 accidere
609 1159 723 1224 videas
733 1160 754 1224 ⁰.
802 1161 847 1223 Et
863 1161 945 1224 item
960 1161 1042 1224 dicit
1054 1160 1087 1224 in
1100 1160 1229 1238 eodem,
1245 1161 1322 1225 Stat
1336 1181 1414 1224 con-

255 1272 307 1326 tra
322 1265 486 1328 rationem
503 1264 679 1328 defensor¹
696 1263 773 1327 mali
791 1264 839 1326 sui
853 1262 1017 1347 populus3
1041 1263 1197 1342 etinfert,
1242 1264 1320 1327 Non
1343 1272 1415 1326 tam

257 1365 342 1429 bene
358 1387 434 1429 cum
451 1367 550 1430 rebus
565 1366 719 1430 humanis
735 1367 852 1449 agitur,
869 1376 906 1430 ut
922 1367 1059 1431 meliora
1082 1366 1230 1451 pluribus
1252 1368 1415 1450 placeant,

256 1481 290 1533 et
316 1472 472 1553 sequitur,
490 1471 738 1555 Argumentum
760 1471 942 1553 pessimum
967 1471 1066 1535 turba
1087 1480 1149 1534 est.
1204 1471 1250 1534 Et
1280 1471 1414 1534 Marcus

256 1574 386 1638 Tullius
402 1575 500 1640 tertio
516 1574 558 1638 de
574 1574 825 1657 quaestionibus
842 1574 1043 1638 Tusculanis
1058 1576 1115 1653 ait,
1129 1575 1232 1640 ‘Cum
1249 1574 1415 1657 magistris

256 1678 370 1743 traditi
386 1698 510 1756 sumus,
526 1679 573 1741 ita
587 1679 686 1741 variis
699 1677 880 1741 imbuimur
896 1679 1069 1757 erroribus,
1080 1687 1117 1743 ut
1131 1679 1270 1742 vanitati
1285 1678 1416 1756 veritas,

257 1792 291 1845 et
307 1782 456 1865 opinioni
472 1782 669 1845 confirmata
685 1783 758 1866 ipsa
774 1790 895 1844 natura
909 1780 1016 1846 cedit'
1070 1783 1187 1865 Atque
1213 1783 1247 1844 in
1275 1781 1416 1846 Lucullo

256 1885 347 1963 dicit,
373 1886 542 1967 ‘Quidam
566 1886 715 1949 obsecuti
738 1886 847 1950 amico
869 1886 1002 1948 cuidam
1026 1896 1085 1950 aut
1100 1906 1167 1949 una
1188 1906 1264 1949 cum
1280 1885 1415 1967 aliqu0⁰

256 2009 356 2070 quem
374 1987 552 2052 audierunt
564 1989 577 2027 ⁰
591 1990 741 2053 oratione
757 1988 856 2071 capti,
870 1987 914 2052 de
936 1988 1034 2051 rebus
1057 1990 1234 2072 incognitis
1255 1989 1415 2070 judicant,

256 2100 289 2153 et
311 2091 353 2154 ad
377 2111 611 2174 quameunque
634 2094 700 2156 sint
723 2093 934 2175 disciplinam
961 2094 1055 2175 quasi
1079 2101 1280 2176 tempestate
1305 2091 1417 2167 delati,

256 2206 417 2276 tanquam
428 2194 471 2259 ad
481 2216 603 2260 saxum
617 2197 848 2261 inhaerescunt
861 2221 871 2274 3
892 2195 1064 2280 plerique⁷
1079 2217 1186 2261 errare
1197 2196 1384 2260 maluerunt
1394 2196 1417 2272 ⁸,

256 2317 399 2380 eamque
414 2301 618 2362 sententiam
634 2319 736 2381 quam
753 2300 994 2362 adamaverunt
1016 2299 1205 2377 defendere,
1218 2319 1320 2382 quam
1344 2298 1415 2362 sine

257 2403 464 2485 pertinacia⁰
479 2402 668 2486 perquirere
679 2402 760 2484 quid
773 2404 1044 2466 constantissime
1053 2402 1185 2466 dicunt'
1224 2404 1269 2467 Et
1281 2411 1416 2486 propter

258 2509 457 2589 pravitatem
484 2506 735 2570 consuetudinis
761 2508 890 2589 quaerit
913 2509 947 2571 in
971 2509 1079 2592 primo
1103 2510 1145 2572 de
1161 2508 1274 2572 divina
1289 2516 1416 2582 natura,

256 2613 354 2676 ‘Non
371 2612 475 2696 pudet
491 2613 732 2696 speculatorem
750 2621 888 2675 naturae
903 2613 947 2676 ab
962 2613 1083 2675 animis
1099 2612 1340 2676 consuetudine
1355 2611 1415 2674 im·

256 2715 345 2779 butis
362 2726 473 2799 petere
489 2717 717 2780 testimonium
740 2717 887 2779 veritatis
901 2714 931 2779 ?’
976 2715 1022 2778 Et
1037 2726 1154 2779 contra
1169 2716 1260 2799 vulgi
1281 2736 1415 2779 sensum

258 2822 338 2884 dicit
353 2822 391 2884 in·
403 2821 559 2905 proemio¹
575 2820 711 2884 secundi
732 2821 977 2902 quaestionum,
993 2819 1207 2901 Philosophia
1228 2829 1280 2883 est
1303 2820 1416 2902 paucis

257 2923 449 2986 contenta¹⁰
471 2923 648 3006 judicibus,
676 2921 924 2986 multitudinem
955 2923 1061 3005 ipsam
1096 2923 1247 2986 consulte
1276 2922 1416 3004 fugiens,

256 3029 352 3108 eique
362 3036 562 3110 suspectaet
571 3027 684 3091 invisa
713 3026 759 3089 Et
769 3026 802 3088 in
814 3025 1087 3089 eodemsecundo
1099 3026 1156 3103 ait,
1166 3025 1415 3088 ‘Laudabiliora

258 3128 337 3190 mihi
353 3127 507 3190 videntur
522 3127 635 3190 omnia
658 3147 745 3208 quae
768 3126 839 3189 sine
862 3126 987 3209 populo
1009 3134 1095 3190 teste
1118 3125 1219 3190 fiunt'
1263 3124 1332 3191 Sed
1359 3126 1415 3188 alii

256 3231 389 3302 divisim
416 3230 498 3294 haec
521 3231 584 3311 tria
606 3240 856 3314 persequuntur.
882 3231 970 3293 Nam
1000 3231 1034 3293 in
1061 3230 1145 3293 libro
1170 3229 1414 3313 Quaestionum

259 3335 468 3397 Naturalium
504 3332 667 3397 Adalardi
677 3332 702 3371 ¹¹
741 3334 910 3415 quaeritur
918 3332 943 3371 ¹¹
984 3334 1026 3397 de
1063 3336 1261 3398 auctoritate
1298 3334 1415 3416 fragili,

256 3437 366 3520 ‘Quid
377 3447 428 3501 est
438 3436 527 3501 aliud
538 3438 717 3501 auctoritas
729 3437 921 3519 hujusmodi
932 3458 1033 3520 quam
1046 3438 1251 3520 capistrum?
1266 3447 1303 3501 ut
1318 3437 1415 3500 bruta

257 3542 380 3626 quippe
395 3540 554 3605 animalia
568 3542 714 3624 capistro
726 3541 894 3604 ducuntur
902 3540 1061 3622 quolibet,
1077 3561 1137 3604 nec
1152 3561 1220 3622 quo
1236 3562 1297 3604 nec
1313 3561 1415 3623 quare

256 3647 421 3710 ducantur
431 3645 622 3708 discernunt
629 3644 653 3683 ¹⁰
661 3666 668 3722 3
685 3643 764 3708 εἰς14
780 3666 840 3708 nec
854 3665 978 3728 paucos
990 3644 1122 3708 bestiali
1132 3643 1328 3708 credulitate
1338 3665 1415 3728 cap·

256 3759 308 3813 tos
330 3749 517 3832 ligatosque
533 3750 606 3832 ipsa
621 3748 801 3812 auctoritas
817 3749 850 3812 in
867 3747 1050 3832 periculum
1066 3747 1175 3812 ducit’
1221 3748 1267 3811 Et
1283 3749 1316 3811 in
1332 3747 1415 3810 libro

255 3853 368 3916 det
314 3873 353 3915 ae
355 3853 509 3917 ternitate
531 3851 647 3915 mund1
657 3851 682 3889 ¹⁵
700 3851 830 3930 dicitur
831 3851 881 3891 ¹⁰
893 3850 959 3934 Qui
976 3851 1112 3934 elegerit
1127 3852 1266 3914 alteram
1285 3860 1414 3934 partem

256 3955 460 4087 quaestionis
486 3964 622 4039 propter
648 3976 797 4019 amorem
824 3957 1075 4022 consuetudinis
1102 3977 1170 4020 non
1194 3965 1306 4039 potest
1327 3965 1415 4020 recte

289 4099 348 4168 ¹.,J
362 4117 446 4166 supra.
584 4099 645 4167 πΙ..
658 4099 743 4151 exitio
779 4099 822 4162 V,
836 4099 948 4152 ervitio.
1081 4099 1141 4153 ⁸0.
1155 4117 1205 4152 om.
1220 4098 1404 4150 Hoc-videas.

288 4183 339 4248 ⁴.J
353 4184 397 4245 O.,
411 4183 533 4234 defensor.
569 4183 612 4244 V.,
626 4183 793 4234 defensorum.
893 4181 957 4248 Ἰ..
968 4184 1025 4235 alia.

290 4263 349 4330 ⁰J.,
362 4265 484 4326 audiant3
500 4263 642 4325 audierunt,
654 4264 687 4314 V.
894 4262 955 4330 ⁰J.,
971 4264 1116 4330 populique.

289 4347 397 4414 ⁰J..,
895 4343 946 4411 οΙ.
960 4347 1005 4409 O.,
1015 4345 1160 4412 pertinacia.
1195 4345 1412 4412 V.,pettumacia.

281 4429 352 4495 ¹,⁰.J
364 4383 515 4494 cobjuncta.
885 4425 906 4458 ¹¹
921 4430 946 4494 J.
960 4429 1004 4491 O.,
1017 4429 1114 4479 Alardi.

281 4511 350 4578 1⁰J.,
363 4511 498 4578 quaeritur.
532 4511 564 4562 V.
569 4511 685 4577 ,quaerit
883 4510 904 4542 ¹⁸
918 4513 1119 4577 J.,discemunt.
1131 4512 1175 4574 V.,
1186 4511 1284 4562 discunt

281 4593 339 4660 14,Ι
354 4595 398 4654 Ο..
409 4593 453 4644 sic.
482 4593 514 4643 V.
519 4593 590 4654 ..sed
885 4591 906 4623 ¹⁰
923 4593 1243 4659 O.,Dei,J.V.,mundi.

283 4671 303 4704 ¹⁰
319 4672 350 4722 V.
365 4687 415 4722 om.
430 4669 530 4723 dicitur.
