3559 5442
498 673 797 733 ADDITIONAL
817 673 978 744 NOTES,
1001 673 1090 734 VOL
1113 676 1140 732 I.
1344 690 1396 746 171

239 836 435 901 profunditatem
447 857 454 898 5
470 847 495 889 et
506 841 564 890 ideo
575 841 608 889 ab
618 840 735 904 aquilone
751 856 809 904 pars
825 856 905 904 aquae
917 840 1023 904 impellit
1033 840 1108 889 aliam
1120 847 1215 904 partem
1227 856 1306 905 aquae
1317 855 1401 890 versus

240 919 370 970 meridiem
391 921 425 970 ad
447 921 529 970 locum
550 921 673 971 devexum
690 921 737 970 sibi
753 922 817 970 infia
833 922 906 971 litora
921 931 1104 987 praeparatum,
1124 929 1149 971 et
1170 922 1205 971 sic
1221 939 1266 986 per
1285 922 1402 972 accidens

240 1008 354 1050 movetur
365 1009 435 1051 extra
446 1003 528 1052 locum
539 1018 610 1052 suum
622 1003 648 1051 in
658 1019 710 1068 quo
719 1009 859 1068 generatur,
871 1004 931 1068 quia
947 1019 1004 1053 cum
1021 1003 1053 1053 sit
1069 1003 1173 1052 humida
1184 1004 1239 1052 fluit
1249 1004 1281 1053 ad
1291 1003 1401 1053 retinens

240 1098 296 1130 eam
307 1083 409 1134 siccum.
444 1086 505 1134 Non
515 1084 607 1135 retinet
621 1093 705 1135 autem
722 1101 778 1135 eam
794 1086 928 1146 devexum,
947 1085 1000 1134 fluit
1011 1102 1071 1150 ergo
1087 1102 1132 1150 per
1148 1093 1229 1135 totum
1240 1087 1363 1136 devexum
1375 1086 1401 1134 in

240 1165 380 1225 meridiem,
393 1173 419 1215 et
430 1182 482 1215 non
494 1167 618 1216 redundat
628 1167 687 1232 qnia
697 1167 852 1216 consumitur
862 1166 898 1216 ibi
914 1167 941 1216 in
953 1167 1031 1217 multa
1042 1175 1112 1231 parte
1124 1169 1206 1217 calore
1217 1167 1283 1217 solis.
1319 1168 1401 1218 Causa

239 1254 324 1296 autem
341 1248 513 1298 continuitatis
530 1250 610 1299 fluxus
626 1250 769 1315 hujusmodi
785 1249 902 1314 estquod
920 1250 1038 1298 continue
1060 1258 1219 1314 regeneratur
1236 1249 1262 1299 in
1273 1249 1399 1314 aquilone,

240 1337 265 1378 et
275 1329 395 1380 continue
405 1329 557 1380 consumitur
568 1331 595 1380 in
606 1331 717 1382 meridie.

274 1411 369 1476 Siquis
381 1419 466 1462 autem
482 1413 585 1478 objiciat
594 1414 662 1478 quod
679 1413 798 1463 distantia
813 1413 942 1479 utriusque
957 1415 1009 1480 poli
1026 1413 1121 1480 equalis
1138 1422 1176 1464 est
1192 1415 1225 1463 ab
1241 1412 1401 1478 equinoctiali

239 1493 342 1555 circulo,
371 1503 397 1544 et
424 1511 481 1545 cum
508 1495 627 1545 distantia
649 1496 683 1544 ab
710 1495 871 1560 equinoctiali
893 1495 958 1546 circa
979 1513 1055 1559 quem
1077 1504 1191 1547 movetur
1216 1497 1254 1546 sol
1280 1495 1401 1558 equaliter

239 1577 366 1640 utrimque
387 1577 538 1628 declinando
553 1579 587 1628 ab
602 1595 633 1628 eo
650 1578 682 1627 sit
702 1578 797 1642 equalis
813 1577 919 1642 frigoris,
938 1585 1036 1629 tantum
1053 1579 1129 1644 frigus
1146 1579 1193 1628 erit
1209 1578 1235 1627 in
1251 1578 1310 1644 polo
1328 1578 1400 1627 meri·

240 1659 335 1708 dionali
356 1667 479 1724 quantum
500 1668 539 1710 est
560 1661 587 1709 in
608 1661 668 1726 polo
689 1660 836 1726 aquilonari,
860 1661 908 1710 erit
937 1678 998 1726 ergo
1020 1661 1116 1726 equalis
1137 1678 1212 1711 causa
1233 1659 1402 1725 generationis

239 1758 360 1808 aquarum
370 1742 396 1790 in
407 1742 510 1792 meridie
519 1750 546 1792 et
555 1743 582 1792 in
593 1743 711 1808 aquilone
725 1761 732 1802 ;
748 1742 877 1808 responsio
889 1751 958 1808 patet
967 1745 1027 1808 qnia
1038 1745 1100 1793 haec
1112 1744 1241 1809 responsio
1251 1742 1370 1809 [objectio
1379 1741 1402 1803 l]

241 1825 356 1890 procedit
365 1841 397 1873 ex
407 1825 550 1889 ignorantia
561 1825 739 1891 principiorum
755 1826 931 1878 astronomiae.
968 1826 1033 1877 Cum
1050 1827 1117 1876 enim
1134 1827 1172 1876 sol
1188 1833 1302 1875 movetur
1313 1841 1399 1875 secun·

241 1909 303 1956 dum
319 1916 477 1956 astronomos
492 1907 519 1956 in
535 1909 628 1957 circulo
644 1908 783 1958 eccentrico
798 1910 869 1974 cujus
884 1915 999 1958 centrum
1022 1925 1074 1958 non
1096 1917 1135 1958 est
1150 1909 1218 1958 idem
1236 1925 1293 1957 cum
1315 1914 1401 1957 centro

241 1998 330 2049 terrae,
342 1996 443 2053 oportet
452 1991 520 2054 quod
532 1989 553 2039 si
568 1989 689 2039 diameter
699 1989 785 2039 circuli
801 1991 861 2040 solis
873 1991 961 2040 transit
971 2007 1016 2055 per
1027 1999 1160 2056 utrumque
1172 1998 1294 2050 centrum,
1308 1989 1402 2038 scilicet

242 2089 314 2121 suum
331 2079 357 2120 et
373 2079 461 2133 terrae,
475 2073 543 2136 quod
559 2074 640 2138 major
655 2089 713 2136 pars
732 2073 847 2122 diametri
864 2074 897 2123 sit
913 2074 945 2122 ad
961 2090 1037 2122 unam
1054 2081 1151 2138 partem
1167 2082 1193 2123 et
1209 2073 1291 2121 minor
1301 2088 1358 2137 pars
1369 2071 1400 2120 ad

240 2155 316 2203 aliam
330 2161 452 2216 'respectu
474 2154 554 2204 centri
575 2161 663 2204 terrae.
699 2156 746 2204 Est
761 2162 846 2205 autem
874 2164 1030 2220 compertum
1054 2155 1149 2205 ratione
1165 2154 1317 2220 geometrica
1333 2153 1401 2218 quod

243 2238 323 2301 maJor
333 2236 464 2299 longitudo
480 2235 596 2286 diametri
607 2243 645 2286 est
656 2235 721 2286 circa
735 2239 762 2285 18
780 2238 886 2302 gradum
898 2238 1062 2287 Geminorum
1079 2238 1105 2286 in
1121 2238 1170 2287 hoc
1182 2245 1294 2302 tempore
1306 2244 1398 2284 nostro.

244 2319 329 2368 Minor
341 2334 400 2382 ergo
412 2318 543 2382 longitudo
552 2328 664 2384 respectu
676 2320 755 2368 centri
766 2327 847 2369 terrae
857 2328 895 2369 est
906 2320 932 2369 in
946 2322 973 2368 18
986 2321 1064 2384 gradu
1078 2319 1214 2385 Sagittarii,
1226 2319 1295 2384 quod
1303 2319 1402 2382 signum

243 2399 379 2464 opponitur
390 2398 512 2448 Geminis.
549 2401 618 2464 Ergo
634 2400 739 2449 vicinior
755 2409 793 2450 est
810 2401 847 2450 sol
864 2409 944 2451 terrae
961 2401 1117 2451 meridionali
1133 2402 1235 2466 quando
1252 2409 1365 2450 movetur
1375 2399 1402 2448 in

243 2481 346 2531 meridie
362 2497 438 2545 quam
455 2481 488 2531 sit
507 2481 647 2546 aquilonari
668 2483 770 2546 quando
793 2489 908 2531 movetur
924 2483 950 2531 in
972 2482 1111 2547 aquilone;
1127 2499 1187 2547 ergo
1202 2483 1258 2546 plus
1275 2483 1403 2531 comburet

242 2579 322 2628 aquas
333 2572 358 2612 et
370 2570 447 2612 terras
459 2563 484 2612 in
492 2570 563 2626 parte
574 2563 731 2613 meridionali
747 2580 823 2628 quam
836 2563 911 2612 faciat
921 2564 948 2612 in
958 2564 1082 2628 aquilone.

277 2662 302 2709 p.
320 2661 372 2708 143·
409 2645 471 2708 Cap.
491 2645 557 2705 viii]
590 2647 621 2696 Ο.
642 2646 687 2694 has
703 2646 772 2704 here,
792 2646 928 2695 Distinctio
946 2657 992 2710 5ta.
1030 2648 1106 2695 From
1123 2645 1173 2694 this
1189 2646 1261 2711 point
1277 2644 1400 2703 onwards‚

241 2727 312 2778 there
329 2743 371 2776 are
388 2743 421 2777 no
440 2729 559 2778 numbers
578 2744 607 2777 or
627 2727 694 2778 titles
713 2727 741 2776 of
760 2729 876 2793 chapters
895 2728 921 2776 in
941 2744 990 2790 any
1007 2728 1035 2777 of
1055 2728 1097 2777 the
1115 2729 1191 2778 MSS.
1205 2727 1301 2790 though
1317 2741 1404 2791 spaces

243 2809 382 2873 indicating
393 2809 459 2859 fresh
470 2809 587 2874 chapters
597 2825 639 2858 are
649 2809 701 2860 left.
737 2809 793 2858 The
805 2810 873 2859 titles
884 2810 911 2858 in
923 2809 965 2858 the
977 2816 1031 2858 text
1040 2825 1082 2859 are
1093 2809 1169 2859 taken
1181 2809 1245 2857 from
1255 2806 1404 2858 Combach’s

243 2892 282 2942 ed.
297 2889 327 2940 of
344 2891 387 2939 the
406 2891 459 2940 first
478 2891 586 2940 division
603 2890 632 2939 of
649 2893 707 2941 Part
724 2891 769 2953 iv.,
782 2891 832 2939 and
855 2890 963 2956 perhaps
980 2907 1045 2940 were
1061 2891 1138 2940 found
1155 2891 1182 2939 in
1198 2890 1241 2939 the
1260 2889 1345 2952 “very
1361 2889 1403 2938 old

245 2972 342 3024 Oxford
355 2973 430 3024 MSS.
435 2974 450 2997 ’⁹
462 2974 544 3022 which
553 2973 586 3023 he
596 2990 653 3037 says
663 2973 718 3022 that
728 2974 762 3022 he
772 2974 912 3033 consulted,
923 2974 969 3023 but
977 2973 1060 3022 which
1072 2973 1135 3022 have
1147 2980 1191 3023 not
1199 2973 1264 3022 been
1274 2971 1404 3020 identified

243 3056 306 3105 with
317 3071 367 3118 any
378 3056 435 3106 MS.
449 3072 507 3104 now
518 3056 613 3105 known
623 3064 650 3106 to
661 3055 733 3105 exist.
771 3056 802 3103 ln
813 3055 856 3104 the
866 3072 923 3105 case
934 3055 964 3104 of
977 3052 1093 3119 chapters
1104 3055 1158 3117 xii,
1171 3055 1230 3115 xia,
1246 3055 1296 3103 and
1308 3053 1358 3102 xvi.
1371 3069 1404 3102 no

243 3137 382 3187 indication
392 3136 444 3186 ofa
456 3138 559 3202 chapter
570 3137 592 3186 is
602 3137 677 3202 given
688 3137 769 3186 either
778 3136 805 3185 in
813 3136 837 3201 J.
851 3137 883 3186 V.
900 3139 926 3188 P.
940 3153 969 3186 or
980 3139 1012 3187 0.

261 3209 302 3285 p.
320 3236 372 3281 144·
409 3221 524 3281 notelr).
553 3220 578 3284 J.
590 3220 616 3268 in
627 3220 677 3268 this
689 3227 748 3268 note
760 3218 836 3268 refers
847 3227 873 3268 to
883 3219 972 3283 Jebb's
982 3221 1020 3268 ed.
1057 3220 1112 3269 The
1125 3234 1229 3284 passage
1241 3219 1261 3267 is
1271 3217 1406 3267 contained

243 3301 271 3351 in
281 3302 325 3350 the
343 3301 399 3351 MS.
413 3302 472 3351 here
489 3302 570 3351 called
579 3302 603 3365 J.
617 3319 645 3350 as
656 3303 713 3351 well
724 3319 752 3350 as
763 3302 789 3350 in
801 3302 833 3351 Ο.
870 3303 903 3352 In
920 3303 963 3351 the
980 3301 1047 3351 third
1063 3302 1121 3363 line,
1134 3302 1204 3366 quod
1219 3309 1289 3350 actus
1300 3317 1315 3349 a
1325 3299 1406 3349 forma

244 3385 301 3445 (Ο.)
313 3383 334 3432 is
345 3400 438 3448 wrong.
476 3384 500 3432 It
516 3384 608 3433 should
624 3384 664 3443 be,
677 3384 737 3448 qnia
752 3391 832 3444 actus,
845 3383 870 3432 id
887 3392 925 3433 est
941 3384 1021 3433 forma
1032 3384 1085 3450 (J.).
1123 3385 1154 3434 In
1167 3385 1210 3432 the
1226 3384 1272 3432 last
1288 3389 1406 3431 sentence

244 3468 358 3525 hutone,
369 3466 393 3530 J.
405 3467 459 3527 has,
469 3465 532 3515 after
542 3466 697 3525 universalis,
708 3467 751 3515 sed
763 3466 896 3530 singularis
908 3467 962 3525 erit,
973 3473 1057 3515 etima
1069 3482 1172 3515 numero
1184 3466 1230 3515 erit
1242 3465 1268 3514 in
1278 3464 1404 3523 omnibus,

245 3548 379 3614 praecipue
388 3563 446 3597 cnm
457 3549 506 3597 hoc
516 3548 585 3597 dicat
601 3550 724 3598 Averroes
739 3549 766 3597 in
783 3548 918 3598 undecimo
929 3548 1125 3612 Metaphysicae.
1163 3549 1198 3597 Et
1214 3547 1250 3598 sic
1266 3563 1311 3611 per
1321 3547 1405 3611 hujus·

245 3630 315 3680 modi
330 3629 486 3695 sophismata
502 3637 527 3679 et
544 3629 704 3680 auctoritates
721 3630 786 3680 male
806 3630 938 3679 translatas
960 3637 986 3679 et
1007 3631 1079 3695 pejus
1100 3630 1240 3679 intellectas
1257 3629 1405 3694 persuadere

244 3713 365 3762 nituntur.

278 3809 303 3858 p.
321 3795 372 3854 148.
388 3793 404 3841 l.
421 3807 457 3857 ις.
494 3791 564 3843 Sicut
575 3793 646 3854 vero]
680 3794 749 3842 Here
760 3792 794 3841 all
810 3793 852 3842 the
864 3792 939 3843 MSS.
954 3801 1043 3856 except
1055 3794 1087 3842 O.
1101 3792 1211 3842 indicate
1227 3792 1282 3841 that
1293 3792 1355 3856 Cap.
1370 3791 1402 3840 ix.

243 3875 335 3925 should
345 3875 428 3939 begin.
465 3875 497 3924 0.
511 3890 560 3923 om.
574 3874 785 3939 sicut-opponit.

278 3975 302 4023 p.
321 3961 373 4018 148.
389 3958 405 4005 l.
420 3973 458 4006 21.
495 3957 576 4021 primo
586 3957 661 4018 libro]
694 3959 753 4006 Nat.
768 3958 882 4007 Auscult.
896 3958 912 4006 i.
928 3957 989 4022 Cap.
1005 3974 1027 4006 2.

280 4056 305 4104 p.
322 4041 375 4102 156.
391 4039 407 4087 l.
423 4055 461 4102 37.
497 4037 581 4088 xxviii.
596 4038 862 4102 shouldbexviii.,cf.
877 4055 902 4103 p.
919 4053 973 4103 154,
994 4039 1009 4089 l.
1025 4056 1047 4102 3.
1083 4039 1138 4088 'ibe
1149 4037 1274 4087 reference
1291 4046 1318 4086 to
1329 4036 1404 4088 xxxii.

247 4123 269 4171 is
281 4131 308 4170 to
321 4123 367 4186 3rd
379 4121 510 4184 corollary,
523 4137 551 4169 as
561 4121 637 4184 given
648 4118 674 4169 in
685 4120 756 4169 older
767 4121 876 4170 editions
886 4119 916 4170 os
924 4119 1022 4179 Euclid‚
1037 4119 1159 4170 Barrow’s
1169 4119 1207 4169 for
1214 4119 1335 4169 instance.

279 4219 305 4268 p.
322 4205 376 4266 158.
411 4203 546 4264 (Addition
563 4211 589 4252 to
606 4203 741 4262 footnote.)
772 4201 1018 4268 Jordanus’treatise
1035 4204 1075 4252 De
1091 4203 1238 4266 triangulas,
1258 4201 1356 4265 printed
1373 4201 1406 4266 by

248 4284 408 4334 Maximilian
419 4284 509 4335 Curtze
519 4285 557 4334 for
573 4287 616 4335 the
633 4284 786 4350 Copernicus
803 4284 904 4348 Society
915 4283 944 4333 of
956 4285 1043 4334 Thom
1061 4285 1087 4333 in
1100 4286 1170 4345 1887,
1184 4283 1229 4332 has
1241 4283 1296 4332 four
1305 4283 1405 4340 books3

248 4368 291 4417 the
303 4368 350 4416 last
360 4367 389 4416 of
398 4365 480 4416 which
498 4368 558 4432 only
568 4368 614 4417 has
625 4383 652 4416 as
668 4383 744 4431 many
760 4383 787 4416 as
804 4369 834 4416 28
854 4366 1030 4432 propositions.
1068 4368 1097 4416 In
1116 4382 1181 4415 none
1198 4364 1227 4414 of
1234 4367 1304 4415 these
1313 4364 1365 4414 will
1375 4365 1407 4414 be

248 4449 325 4499 found
342 4450 386 4498 the
397 4455 531 4498 statement
548 4449 656 4499 referred
674 4456 700 4498 to
722 4448 749 4496 in
765 4449 808 4497 the
825 4455 885 4498 text.
925 4450 949 4498 It
967 4449 1018 4496 will
1034 4449 1066 4498 be
1082 4446 1169 4507 found,
1188 4447 1313 4506 however,
1332 4446 1359 4495 in
1375 4462 1407 4495 an

247 4531 375 4598 appendix
396 4538 424 4581 to
446 4531 496 4580 this
517 4531 601 4582 fourth
623 4531 692 4582 book
714 4531 819 4580 entitled
842 4531 882 4580 De
890 4532 1018 4579 similibus
1039 4532 1154 4589 arcubus,
1185 4529 1266 4580 which
1294 4528 1409 4579 contains

248 4614 344 4664 several
354 4613 522 4679 propositions
538 4624 609 4664 asto
625 4615 716 4664 chords
726 4614 752 4662 in
768 4612 911 4662 concentric
924 4613 1018 4664 circles.
1053 4613 1242 4677 [Mitteilungen
1259 4614 1303 4662 des
1314 4612 1407 4677 Coper·
