3559 5442
415 675 452 750 58
606 675 773 736 opums
791 677 860 735 MA
855 675 994 755 solers
1009 677 1129 736 pras
1148 653 1378 756 SECUNDA.

412 856 494 898 avus
519 834 579 900 luit
603 837 824 920 Aesculapius
848 838 976 921 primus
999 837 1185 909 medicinae
1208 848 1323 902 auctor
1349 839 1439 921 apud
1462 837 1568 922 philo-

412 939 535 1020 sophos
558 939 716 1013 infideles
739 941 923 1005 secundum
946 941 1038 1024 quod
1066 942 1278 1025 Augustinus
1305 943 1422 1005 recitat
1448 951 1567 1005 octavo

412 1041 504 1106 libro
550 1043 617 1108 Sed
639 1053 751 1109 tamen
777 1045 924 1108 Isidorus
947 1045 1027 1108 dicit
1049 1047 1148 1109 tertio
1170 1046 1254 1109 libro
1277 1046 1568 1127 Etymologiarum

412 1145 502 1228 quod
517 1148 642 1231 Apollo
658 1158 752 1240 pater
767 1149 830 1212 suit
842 1149 1044 1232 Aesculapii,
1056 1150 1113 1231 qui
1129 1151 1237 1233 primo
1253 1149 1339 1212 inter
1354 1149 1570 1232 philosophos

413 1249 562 1314 infideles
589 1252 709 1315 dicitur
735 1253 891 1317 docuisse
916 1261 1022 1315 artem
1050 1253 1244 1318 medicinae.
1300 1253 1389 1316 Nam
1421 1261 1454 1315 et
1484 1253 1570 1335 patri

413 1354 587 1418 ascribitur
605 1357 770 1420 medicina
793 1367 957 1438 quantum
982 1355 1025 1418 ad
1049 1355 1251 1420 documenta
1274 1358 1400 1439 prima;
1425 1355 1484 1419 sed
1504 1354 1572 1418 filio

328 1547 329 1550 Ἴ
414 1458 531 1540 magis,
552 1459 630 1541 quia
655 1459 742 1523 hanc
768 1469 873 1522 artem
898 1459 1091 1542 ampliavit1
1114 1471 1149 1524 et
1171 1461 1300 1524 certiori
1323 1460 1425 1523 modo
1448 1459 1570 1522 docuit.

415 1561 504 1624 Nam
533 1563 657 1646 Apollo
684 1586 743 1647 per
768 1567 916 1628 carmina
943 1574 976 1628 et
1002 1565 1194 1647 hujusmodi
1225 1566 1371 1628 remedia
1401 1563 1572 1648 processit,

414 1665 637 1750 Aesculapius
653 1688 711 1751 per
724 1670 899 1732 veritatem
923 1670 1160 1752 experientiae,
1183 1667 1242 1732 ut²
1266 1668 1414 1731 Isidorus
1433 1667 1522 1741 dicit,
1538 1676 1572 1730 et

414 1770 558 1833 creditur
573 1792 645 1834 esse
661 1773 787 1856 Apollo
811 1794 953 1856 magnus
963 1773 983 1852 ³,
1000 1774 1057 1856 qui
1081 1794 1101 1835 a
1124 1775 1232 1857 poetis
1247 1772 1384 1855 fingitur
1399 1793 1472 1835 esse
1488 1772 1574 1833 inter

415 1873 552 1938 denset
578 1877 657 1939 dare
684 1899 844 1960 responsa
871 1879 905 1940 in
929 1877 1057 1960 templo
1081 1877 1247 1962 Apollinis
1271 1878 1304 1939 in
1329 1876 1434 1940 Delos
1457 1877 1576 1950 insula,

369 2011 371 2016 ·
415 1977 505 2042 unde
531 1989 669 2044 vocatur
697 1981 821 2064 Apollo
849 1981 1043 2064 Delphicus.
1089 1983 1135 2045 Et
1162 1991 1275 2053 tamen
1302 1989 1381 2044 ante
1408 1981 1489 2042 istos
1513 1979 1575 2042 suit

109 3879 111 3883 ’
203 3899 220 3948 f.
235 3896 286 3959 89b
297 3895 325 3945 or
331 3897 354 3961 J.

204 3965 291 4026 begins
302 3962 371 4022 here,

203 4043 273 4076 more
285 4027 376 4090 legible

205 4096 265 4141 than
278 4093 321 4141 the

206 4159 277 4207 other
289 4157 350 4206 side.

415 2082 666 2147 inaestimabilis
689 2085 795 2168 gloria
823 2085 1017 2163 medicinae,
1044 2085 1228 2149 secundum
1256 2084 1346 2167 quod
1374 2083 1573 2146 Aristoteles

414 2187 524 2269 tangit
553 2187 585 2251 in
613 2189 696 2251 libro
723 2186 765 2252 de
797 2190 974 2272 Regimine
1001 2190 1110 2266 Vitae,
1137 2210 1239 2272 quam
1268 2190 1366 2254 Adae
1395 2198 1429 2250 et
1454 2187 1574 2250 Enoch

416 2292 524 2374 magis
548 2293 681 2356 ascribit
696 2314 797 2375 quam
814 2294 1033 2377 sequentibus
1054 2294 1270 2378 philosophis.
1317 2294 1455 2357 Etcum
1473 2290 1577 2354 medi-

417 2395 491 2458 cina
514 2396 557 2459 sit
580 2397 686 2480 magis
702 2399 887 2460 necessaria
902 2399 1029 2461 homini
1045 2418 1146 2480 quam
1164 2398 1289 2461 multae
1304 2398 1389 2460 aliae
1409 2396 1579 2471 scientiae,

416 2520 484 2562 non
507 2509 559 2563 est
581 2501 720 2564 dubium
744 2503 825 2584 quin
849 2502 905 2565 filii
930 2502 1028 2566 Adae
1050 2511 1085 2566 et
1109 2503 1183 2565 Noe
1206 2502 1297 2577 illam
1315 2495 1579 2576 adinveneriut⁴,

416 2604 538 2686 quibus
554 2607 736 2688 sapientiae
752 2601 927 2690 plenitudo
943 2602 1024 2669 data
1038 2607 1109 2682 fuit,
1125 2605 1296 2688 etquibus
1312 2624 1507 2667 concessum
1524 2612 1576 2665 est

415 2709 544 2772 tamdiu
559 2710 668 2774 vivere
685 2719 819 2795 propter
834 2712 982 2774 studium
999 2703 1182 2794 sapientiae
1197 2701 1444 2793 perficiendum.

694 3132 696 3140 .
747 3137 749 3146 ,
840 3071 1146 3138 Cnpr.ruuun.X.⁵

485 3264 564 3326 Post
600 3263 690 3338 haec,
717 3271 869 3345 tempore
900 3262 1088 3331 Othonielis
1117 3261 1245 3344 Judicis
1285 3260 1395 3337 Israel,
1429 3259 1582 3342 'regnavit

417 3367 569 3432 Cadmus
591 3366 798 3445 Thebaeus⁶,
821 3368 877 3449 qui
901 3367 1028 3450 primus
1055 3366 1148 3430 dedit
1172 3366 1282 3428 literas
1313 3364 1458 3441 Graecis,
1484 3364 1580 3432 utin

418 3473 580 3535 chronicis
608 3471 884 3546 cluniacensibus
910 3471 1075 3534 edocetur.
1122 3470 1168 3532 Et
1199 3469 1293 3532 Beda
1323 3469 1356 3535 in
1384 3468 1469 3531 libro
1495 3476 1583 3531 tem·

418 3594 537 3660 porum
559 3577 686 3639 minore
707 3585 741 3640 et
759 3575 880 3638 caeteri
902 3574 1107 3638 concordant
1124 3572 1242 3656 [quod]
1261 3573 1329 3641 sub¹
1345 3572 1438 3636 Aoth
1462 3572 1583 3654 Judice

419 3680 590 3762 Amphion
603 3681 748 3742 musicus
759 3679 882 3756 floruit;
896 3679 952 3761 qui
958 3679 1052 3748 Aoth
1062 3678 1123 3741 fuit
1133 3679 1258 3761 primus
1269 3685 1345 3759 post
1356 3674 1585 3750 Othonielem‚

419 3784 482 3848 sub
521 3782 700 3847 Debbora⁷
738 3792 772 3846 et
803 3784 916 3856 Barac.
976 3783 1054 3845 Fuit
1084 3780 1327 3864 aliusApollo
1355 3779 1585 3862 philosophus,

420 3886 604 3964 secundum
621 3887 811 3958 chronicam
828 3886 1082 3957 Cluniacensem
1096 3896 1211 3948 auctor
1227 3883 1421 3960 medicinae,
1433 3894 1586 3946 contem-

421 3991 609 4076 poraneus8
627 3991 763 4054 Herculi
782 3990 938 4068 secundo,
954 3990 1047 4071 cujus
1065 3989 1153 4052 iacta
1168 3988 1385 4063 celebrantur,
1400 3986 1485 4056 sicut
1501 3986 1586 4049 dicit

422 4096 633 4179 Augustinus
653 4095 783 4159 decimo
809 4105 928 4157 octavo
951 4094 994 4157 de
1018 4095 1161 4158 Civitate
1185 4093 1257 4168 Dei,
1280 4091 1336 4174 qui
1362 4090 1524 4154 Hercules
1551 4090 1588 4152 in

453 4266 462 4298 ¹
479 4267 524 4330 0.,
537 4265 680 4333 applicavit.
974 4275 976 4279 '
1085 4261 1097 4294 ²
1113 4263 1146 4314 0.
1160 4279 1211 4314 om.
1223 4269 1261 4311 ut.

445 4347 463 4411 ‚³
480 4349 523 4410 O.,
537 4363 633 4412 magua,
644 4346 668 4411 J.
682 4346 726 4406 V.,
739 4362 853 4410 magnus.
1085 4341 1096 4373 ⁴
1113 4343 1144 4394 0.
1149 4381 1156 4405 ,
1170 4343 1327 4392 invenerunt.

453 4430 513 4495 ⁶J.,
535 4429 645 4480 Rubric:
668 4428 780 4478 Tertium
802 4428 947 4493 capitulum,
968 4425 1063 4492 inquo
1084 4424 1242 4475 descenditur
1259 4424 1292 4472 ad
1309 4421 1437 4472 Cadmum
1453 4428 1478 4471 et
1496 4428 1588 4486 poetas

422 4512 665 4657 thioigffoslhebeus.
699 4592 723 4656 J.
737 4589 912 4652 V.,Thebeis.
1088 4586 1148 4638 ⁷0.
1163 4603 1212 4639 om.
1228 4587 1392 4639 Debborae„

455 4674 465 4708 ⁸
483 4676 526 4737 0.,
540 4684 724 4741 temporaneus.
