3559 5442
155 3441 171 3490 f.
187 3442 237 3492 88b
248 3441 277 3490 os
282 3441 306 3506 J.

157 3508 245 3570 begins
255 3508 315 3556 here

157 3572 304 3637 (imperfect,

156 3653 197 3687 see
208 3653 233 3702 p.
248 3640 298 3701 52),

377 688 415 750 54
568 671 734 732 OPERIS
752 671 953 750 Mnsonrs
969 671 1090 734 enas
1109 671 1340 735 SECUNDA.

373 855 460 918 quae
493 832 573 900 dicit
598 833 724 916 Joseph
750 833 931 898 erudivisse
962 833 1125 918 principes
1153 834 1335 898 Pharaonis
1365 844 1399 898 et
1432 855 1529 899 senes

373 938 525 1021 Aegypti
547 938 758 1021 prudentiam
782 936 944 1015 docuisse,
966 948 1000 1002 et
1024 938 1179 1021 Moysem
1204 937 1305 1002 fuisse
1326 939 1470 1020 peritum
1494 939 1528 1000 in

325 1102 327 1106 ,
373 1043 464 1108 omni
487 1042 650 1126 sapientia
673 1042 928 1124 Aegyptiorum.
974 1043 1020 1105 Et
1044 1040 1529 1108 Bezaleel1etAh01iabhoc

373 1145 612 1221 demonstrant,
624 1147 680 1227 qui
696 1146 788 1208 omni
803 1145 971 1210 intellectu
985 1155 1018 1210 et
1033 1146 1198 1229 sapientia
1208 1166 1316 1209 rerum
1330 1145 1529 1211 naturalium

373 1250 506 1312 fuerunt
520 1250 690 1327 illustrati;
714 1269 782 1312 uno
798 1249 887 1311 enim
900 1249 981 1314 flatu
998 1248 1142 1332 Spiritus
1155 1248 1298 1314 Sanctus
1314 1270 1371 1314 eos
1386 1250 1530 1312 illumin-

373 1353 442 1416 avit
467 1363 500 1416 et
527 1353 640 1416 docuit
662 1361 768 1416 totam
790 1362 992 1436 potestatem
1016 1363 1154 1416 naturae
1176 1354 1211 1415 in
1234 1353 1331 1416 rebus
1355 1353 1529 1416 metallicis

373 1466 407 1521 et
422 1456 560 1520 caeteris
583 1456 801 1519 mineralibus
847 1455 916 1520 Sed
939 1465 973 1518 et
996 1455 1157 1521 Solomon
1173 1456 1354 1539 sapientior
1373 1456 1529 1520 omnibus

373 1560 647 1642 praecedentibus
684 1569 717 1624 et
758 1559 1038 1641 subsequentibus
1076 1560 1260 1623 secundum
1297 1561 1528 1624 testimonium

372 1665 554 1747 scripturae
591 1663 725 1746 plenam
763 1663 908 1727 obtinuit
945 1663 1175 1747 philosophiae
1212 1672 1422 1746 potestatem.
1483 1664 1529 1728 Et

371 1767 538 1851 Josephus
561 1766 690 1851 prim0²
705 1767 942 1848 antiquitatum
963 1766 1047 1831 libro
1062 1767 1143 1830 dicit
1157 1765 1247 1848 quod
1264 1788 1340 1829 cum
1357 1766 1415 1830 filii
1431 1767 1530 1831 Adae

372 1892 431 1953 per
461 1871 544 1935 Seth
571 1869 714 1933 fuerint³
738 1871 798 1933 viri
821 1870 964 1952 religiosi
992 1879 1027 1932 et
1053 1870 1096 1933 ab
1120 1871 1193 1953 ipso
1218 1871 1293 1933 Deo
1318 1869 1405 1949 facti,
1436 1871 1530 1934 Deus

373 1974 467 2037 dedit
497 1975 544 2038 eis
574 1983 752 2037 sexcentos
781 1974 892 2037 vivere
922 1995 1029 2036 annos
1063 1983 1198 2057 propter
1227 1973 1388 2056 gloriosas
1418 1984 1530 2057 partes

372 2078 611 2161 philosophiae,
627 2078 659 2140 in
676 2077 797 2160 quibus
813 2078 1020 2155 studuerunt,
1036 2088 1073 2140 ut
1089 2080 1179 2160 quod
1196 2077 1290 2140 Deus
1305 2077 1353 2139 eis
1373 2077 1530 2141 revelavit

372 2193 509 2264 possent
524 2183 666 2264 experiri
683 2203 741 2266 per
755 2182 843 2245 vitae
861 2181 1112 2264 longitudinem.
1158 2182 1204 2245 Et
1219 2181 1334 2245 addit4
1349 2181 1438 2264 quod
1456 2183 1530 2245 Noe

345 2283 406 2348 ‘et
422 2286 478 2348 filii
502 2285 573 2368 ejus
593 2285 759 2350 Chaldeos
782 2287 967 2376 docuerunt
990 2296 1101 2369 partes
1124 2285 1361 2368 philosophiae,
1383 2296 1417 2350 et
1439 2288 1529 2368 quod

372 2389 546 2453 Abraham
563 2391 696 2453 intravit
713 2391 910 2472 Aegyptum
931 2400 964 2452 ct
980 2390 1093 2453 docuit
1109 2389 1306 2473 Aegyptios.
1352 2389 1398 2451 Et
1413 2399 1531 2472 postea

371 2493 405 2556 in
432 2504 551 2558 octavo
577 2494 661 2568 libro
685 2494 788 2570 addit,
814 2480 905 2576 ¹quod
931 2493 1057 2557 nullam
1083 2504 1237 2556 naturam
1264 2494 1529 2556 inexaminatam

372 2597 533 2662 Solomon
558 2599 739 2681 praeteriit,
770 2597 829 2661 sed
859 2598 903 2661 de
935 2597 1092 2661 omnibus
1122 2597 1376 2684 philosophatus
1406 2608 1466 2674 est,
1496 2608 1530 2661 et

371 2687 581 2786 disciplinam
598 2703 836 2786 proprietatum
853 2722 966 2765 earum
991 2702 1161 2773 evidenter
1183 2702 1349 2785 exposuit,
1364 2709 1398 2792 et
1420 2702 1530 2784 tangit

371 2807 543 2888 'quomodo
559 2806 764 2878 descendens
786 2807 828 2869 ad
852 2806 984 2888 singula
1004 2804 1250 2889 composuerit⁵
1270 2813 1412 2888 quatuor
1427 2806 1531 2869 millia

371 2909 529 2974 librorum
552 2920 586 2974 et
601 2911 765 2993 quinque3
789 2909 844 2973 et⁶
866 2909 1021 2994 adjungit
1045 2909 1150 2972 multa
1165 2930 1252 2996 quae
1268 2918 1421 2974 naturam
1438 2930 1528 2973 corn-

371 3014 515 3077 muniter
530 3023 724 3098 operantem
741 3015 864 3076 scimus
880 3013 1069 3078 nullatenus
1085 3012 1291 3096 adimplere.⁶

437 3118 483 3181 Et
498 3119 667 3195 maximus
683 3117 883 3182 Aristoteles
907 3118 979 3200 ipsa
994 3118 1133 3187 veritate
1149 3124 1285 3179 coactus
1300 3116 1381 3179 dicit
1397 3117 1430 3179 in
1446 3115 1530 3180 libro

372 3205 591 3300 Secretorum,
608 3221 754 3286 Omnem
771 3221 968 3304 sapientiam
986 3221 1079 3283 Deus
1102 3220 1259 3283 revelavit
1277 3221 1344 3302 suis
1360 3220 1531 3306 prophetis

371 3336 405 3389 et
417 3325 515 3407 justis
531 3335 565 3389 et
577 3326 775 3408 quibusdam
792 3325 864 3388 aliis
880 3346 964 3407 quos
981 3324 1170 3407 praeelegit,
1182 3333 1216 3386 et
1228 3324 1402 3388 illustravit
1414 3326 1530 3409 spiritu

371 3431 503 3494 divinae
525 3430 715 3514 sapientiae,
730 3438 765 3492 et
783 3428 911 3491 dotavit
934 3449 992 3491 eos
1014 3427 1150 3491 dotibus
1173 3429 1340 3493 scientiae.
1382 3429 1442 3494 Ab
1458 3430 1531 3492 istis

371 3543 548 3618 sequentes
560 3531 641 3597 viri⁷
653 3531 842 3616 philosophi
858 3530 1089 3616 philosophiae
1101 3532 1302 3620 principium
1318 3541 1351 3595 et
1367 3533 1529 3615 originem

370 3637 567 3714 habuerunt,
592 3637 697 3714 lndi8,
721 3636 841 3713 Latini,
866 3634 1008 3698 Persae⁹
1029 3645 1063 3698 et
1088 3635 1213 3699 Graeci.
1261 3635 1319 3698 Ab
1342 3636 1413 3699 istis
1439 3637 1529 3700 enim

370 3741 579 3812 habuerunt8
601 3750 635 3802 et
657 3741 858 3822 scripserunt
881 3740 1002 3802 artium
1025 3748 1059 3802 et
1080 3739 1293 3802 scientiarum
1317 3740 1478 3827 principia
1496 3750 1531 3802 et

370 3855 505 3923 secreta,
520 3845 598 3928 quia
621 3845 800 3927 inscriptis
823 3845 969 3927 ipsorum
993 3843 1073 3906 nihil
1091 3844 1232 3918 firmum,
1247 3844 1329 3908 nihil
1352 3846 1528 3928 reprobum

371 3950 544 4027 invenitur,
560 3952 619 4015 sed
636 3970 655 4011 a
671 3948 876 4032 sapientibus
893 3947 1123 4032 approbatum.
1170 3946 1364 4031 Philosophi
1381 3949 1470 4011 enim
1486 3948 1530 4011 ab

371 4054 418 4115 eis
441 4052 629 4122 habuerunt¹
649 4052 762 4114 omnia
785 4059 819 4114 et
842 4052 990 4114 maxime
1014 4050 1142 4128 Graeci,
1166 4051 1245 4136 quia
1268 4051 1374 4137 magis
1397 4051 1530 4114 suerunt

371 4156 519 4221 studiosi.
565 4156 610 4226 Et
626 4155 791 4224 Averroes
807 4155 888 4218 dicit
907 4175 1005 4244 super
1027 4155 1228 4242 principium
1248 4153 1341 4220 Coeli
1357 4163 1391 4218 et
1408 4154 1529 4219 Mundi

403 4343 412 4376 ¹
429 4345 460 4394 V.
465 4381 472 4406 ,
485 4343 582 4394 Besleel
592 4349 617 4393 et
629 4342 726 4393 Ocliab.
741 4343 783 4404 O.,
797 4341 911 4393 Beseleel
922 4350 947 4392 et
965 4341 1047 4391 Eliab.
1059 4341 1096 4405 J.,
1109 4340 1208 4391 Besleel
1219 4348 1244 4390 et
1255 4341 1353 4392 Ochab.

402 4424 413 4457 ²
429 4426 474 4490 O.,
486 4426 567 4492 primo
578 4426 643 4477 libro
654 4425 765 4491 capitulo
776 4426 895 4480 secundo.
989 4421 1001 4455 ³
1014 4423 1052 4488 J.,
1064 4423 1172 4474 fuerunt.

402 4506 413 4538 ⁴
429 4507 474 4572 O.,
486 4507 592 4558 addidit.
987 4503 998 4536 ⁸
1015 4505 1047 4556 0.
1060 4521 1112 4556 om.
1125 4505 1300 4570 composuerit.

402 4588 413 4621 ⁰
429 4590 461 4640 Ο.
475 4606 524 4642 om.
539 4597 565 4640 et
575 4588 865 4656 adjungit-adimplere.
988 4586 999 4620 7
1017 4586 1048 4637 0.
1063 4603 1113 4637 orn.
1128 4587 1182 4637 viri.

403 4670 414 4704 ⁸
430 4672 461 4723 Ο.
476 4689 525 4722 om.
542 4671 780 4732 Indi-habuerunt.
976 4666 1001 4730 ,θ’
1017 4669 1061 4730 V.,
1074 4669 1170 4719 Perses·
