3559 5442
273 698 622 759 PHILOSOPHJAE
647 698 752 759 CUM
769 695 1037 760 THEOLOGIA
1060 698 1314 761 AFFINITAS.
1337 704 1376 778 67

209 861 470 943 comprehensae
480 859 500 937 ¹,
511 859 610 924 valde
628 861 797 924 modicum
814 860 924 925 adhuc
940 861 975 924 in
991 860 1140 943 linguam
1154 862 1310 925 Latinam
1321 872 1377 926 est

210 964 420 1043 translatum,
435 974 470 1027 et
493 965 602 1027 minus
625 974 676 1028 est
699 965 732 1028 in
749 985 810 1028 usu
831 965 923 1047 vulgi
942 964 1157 1028 studentium.
1203 965 1378 1032 Avicenna

212 1067 349 1150 quidem
362 1069 537 1151 praecipue
550 1068 698 1131 imitator
713 1076 747 1131 et
758 1069 934 1150 expositor
947 1069 1147 1145 Aristotelis,
1159 1078 1194 1132 et
1205 1071 1377 1154 complens

215 1170 460 1255 philosophiam
473 1173 656 1236 seeundum
673 1170 763 1254 quod
780 1172 809 1234 ei
827 1171 889 1234 fuit
904 1172 1070 1255 possibile,
1081 1172 1206 1255 triplex
1218 1173 1376 1238 volumen

215 1274 368 1338 condidit
379 1275 618 1360 philosophiae,
628 1285 665 1340 ut
677 1276 747 1359 ipse
758 1275 838 1338 dicit
851 1276 883 1339 in
898 1275 1038 1358 prologo
1050 1275 1124 1339 libri
1137 1276 1377 1343 Sufficientiae:

216 1399 321 1442 unum
347 1379 520 1462 vulgatum
553 1379 654 1462 juxta
675 1399 871 1443 communes
895 1379 1079 1442 sententias
1101 1380 1376 1463 philosophorum

216 1483 522 1566 Peripateticorum,
547 1483 604 1566 qui
635 1492 714 1547 sunt
744 1482 787 1546 de
817 1492 909 1546 secta
940 1482 1150 1563 Aristotelis3
1179 1483 1269 1548 aliud
1297 1506 1378 1548 vero

214 1585 400 1650 secundum
413 1607 530 1670 puram
543 1586 741 1650 veritatem²
757 1586 997 1670 philosophiae,
1007 1607 1094 1669 quae
1105 1608 1173 1651 non
1184 1589 1281 1652 timet
1292 1589 1377 1652 ictus

216 1689 406 1754 lancearum
422 1690 731 1769 contradicentium,
752 1701 790 1754 ut
812 1691 883 1774 ipse
906 1691 1043 1769 asserit3
1066 1691 1200 1755 tertium
1221 1713 1300 1756 vero
1316 1693 1378 1756 luit

215 1793 482 1858 conterminum³
496 1795 584 1858 vitae
599 1815 688 1869 suae,
703 1795 736 1857 in
753 1813 820 1877 quo
835 1795 993 1878 exposuit
1009 1795 1117 1878 priora
1132 1796 1188 1858 et4
1202 1798 1378 1861 secretiora

216 1907 355 1961 naturae
370 1905 404 1960 et
419 1898 498 1962 artis
514 1898 682 1981 recollegit
691 1897 711 1962 ³.
759 1899 827 1964 Sed
849 1897 892 1961 de
914 1898 965 1962 his
986 1898 1212 1966 voluminibus
1226 1900 1295 1963 duo
1310 1915 1377 1990 non

215 2010 294 2064 sunt
305 1999 467 2080 translata
479 2006 494 2082 ;’
509 2003 653 2085 primurn
666 2010 778 2065 autern
791 2001 975 2065 secundum
988 2002 1116 2085 aliquas
1129 2012 1240 2086 partes
1252 2002 1378 2069 habent

216 2102 338 2179 Latini,
354 2104 410 2185 qui
433 2114 571 2168 vocatur
592 2104 675 2167 liber
691 2103 888 2186 Assiphae⁵,
908 2103 942 2167 id
964 2113 1022 2182 est,
1039 2104 1121 2168 liber
1143 2104 1376 2174 sufficientiae.

216 2207 297 2268 Post
315 2206 404 2269 hunc
426 2207 517 2270 venit
540 2207 714 2284 Averroes,
728 2207 830 2270 homo
852 2205 979 2269 solidae
1001 2206 1192 2290 sapientiae,
1207 2209 1375 2291 corrigens
1388 2221 1404 2271 f.
1419 2222 1538 2288 91bofJ.

215 2309 343 2373 multa⁶
358 2311 503 2394 priorum
526 2320 560 2374 et
583 2312 711 2375 addens
734 2310 848 2389 multa,
863 2311 1016 2393 quamvis
1038 2311 1252 2394 corrigendus
1274 2314 1317 2376 sit
1339 2314 1372 2378 in
1386 2287 1561 2418 ffifflesse

144 2470 146 2474 ,
213 2412 389 2496 aliquibus,
413 2422 447 2476 et
477 2415 510 2476 in
538 2413 651 2477 multis
676 2413 904 2497 complendus
959 2411 1071 2477 Νειιιι7
1094 2413 1237 2481 faciendi
1263 2416 1373 2500 plures
1386 2428 1446 2495 1¹9oe
1456 2428 1483 2468 ³2
1494 2420 1580 2484 begin-

213 2515 315 2580 libros
331 2516 440 2579 nullus
456 2527 507 2580 est
523 2516 605 2594 finis,
621 2527 658 2581 ut
673 2517 786 2581 scribit
803 2516 964 2582 Solomon
980 2517 1014 2580 in
1031 2516 1234 2582 Ecclesiaste
1242 2518 1263 2589 ⁷.
1386 2484 1576 2550 mngoft91).

616 2778 840 2845 Carnutum
864 2779 977 2844 ΧΙν.8

261 2930 325 2992 His
348 2930 573 3008 consideratis,
589 2939 682 3014 patet
705 2931 870 2993 intentum
895 2929 1085 3013 principale,
1103 2939 1136 2993 et
1160 2931 1373 2997 manifestum

214 3035 370 3116 estquod
394 3055 511 3098 omnes
534 3034 723 3118 philosophi
749 3033 900 3098 infideles
919 3043 953 3097 et
972 3027 1092 3117 p⁸oetae
1116 3044 1150 3098 et
1175 3035 1324 3117 Sibyllae
1339 3047 1374 3101 et

214 3138 404 3220 quicunque
426 3137 610 3221 sapientiae
633 3137 736 3201 dediti
761 3138 903 3215 suerunt,
919 3138 1044 3201 inventi
1068 3147 1146 3201 sunt
1169 3150 1244 3222 post
1267 3141 1373 3224 philo-

212 3240 337 3324 sophos
360 3262 456 3305 veros
479 3251 514 3304 et
539 3242 653 3306 fideles
679 3251 713 3305 et
738 3243 911 3325 perfectos,
925 3242 982 3324 qui
1005 3241 1139 3306 fuerunt
1158 3241 1215 3306 filii
1239 3243 1323 3308 Seth
1338 3254 1373 3308 et

214 3344 288 3408 Noe
304 3365 379 3408 curn
396 3345 471 3408 filiis
487 3347 562 3424 suis,
578 3346 699 3429 quibus
716 3346 809 3409 Deus
830 3345 924 3409 dedit
946 3346 1056 3409 vivere
1071 3357 1249 3410 sexcentos
1265 3369 1371 3413 annos

211 3448 254 3511 ad
279 3448 411 3512 minus⁹
433 3458 568 3532 propter
591 3450 738 3513 studium
762 3449 946 3533 sapientiae
968 3449 1215 3532 complendum,
1230 3452 1370 3517 ut'dicit

210 3551 377 3635 Josephus
400 3554 509 3635 primo
532 3553 792 3636 Antiquitatum,
808 3573 959 3616 asserens
981 3552 1072 3635 quod
1096 3554 1130 3616 in
1154 3554 1271 3617 minori
1287 3565 1370 3624 tem·

210 3676 290 3738 pore
306 3677 373 3718 non
390 3666 569 3740 potuerunt
581 3657 748 3739 complere
771 3656 1027 3741 philosophiam,
1042 3657 1219 3740 praecipue
1234 3670 1369 3742 propter

209 3761 458 3839 astronomiam,
473 3761 506 3824 in
518 3781 585 3844 qua
597 3770 647 3824 est
660 3761 767 3844 major
781 3760 960 3824 difficultas
973 3781 1013 3824 eo
1028 3758 1118 3842 quod
1134 3782 1154 3824 a
1169 3762 1367 3828 coelestibus

209 3858 362 3922 homines
388 3859 544 3924 mortales
569 3859 712 3924 multum
739 3860 873 3924 distant.
920 3859 988 3925 Sed
1019 3861 1112 3923 Deus
1133 3861 1181 3922 eis
1210 3863 1367 3926 revelavit

208 3961 330 4038 omnia,
356 3970 390 4024 et
417 3962 510 4025 dedit
532 3963 579 4024 eis
601 3963 691 4026 vitae
713 3962 958 4044 longitudinem
982 3968 1018 4024 ut
1041 3960 1285 4044 philosophiam
1308 3985 1375 4046 per.

207 4063 451 4145 experientiam
481 4063 694 4146 complerent
740 4063 808 4128 Sed
836 4073 972 4146 propter
1001 4062 1162 4127 malitiam
1192 4063 1364 4129 hominum

238 4203 248 4235 ¹
266 4205 310 4266 O.,
321 4206 535 4270 comprehensum.
560 4208 592 4258 V.
602 4207 637 4272 J.,
649 4207 853 4272 comprehensae.

235 4284 307 4348 ²0„
320 4287 457 4337 veritatem.
494 4289 525 4339 V.
537 4289 573 4353 J.,
586 4289 712 4340 virtutem.
909 4284 981 4347 ⁸O.,
994 4303 1051 4337 cum
1064 4287 1179 4339 termino.

235 4367 246 4399 ⁴
260 4369 297 4433 J.,
310 4368 394 4434 priora
402 4369 544 4422 secretiora.
574 4372 617 4433 V.,
631 4371 715 4435 priora
723 4377 749 4420 et
758 4369 898 4420 secretiore.
929 4368 973 4430 O.,
986 4369 1101 4434 exposuit
1109 4369 1242 4419 secretiora
1250 4376 1361 4426 naturae.

235 4448 304 4514 ⁵0,
319 4452 457 4515 Assephae.
490 4452 515 4516 J.
529 4453 572 4513 V.,
586 4453 719 4517 Assiphae.
895 4448 912 4511 ‚⁶
928 4451 971 4514 O.,
985 4451 1059 4506 dieta

234 4530 246 4565 ⁷
262 4533 294 4583 Ο.
308 4550 359 4583 οιιι.
374 4534 634 4590 Nam—Ecclesiaste,
798 4567 799 4572 =

234 4612 245 4645 ⁸
261 4615 323 4664 This
335 4616 438 4680 chapter
450 4632 556 4680 appears
567 4616 594 4666 in
606 4618 650 4678 0.,
664 4633 688 4682 p.
705 4618 744 4682 3⁶,
758 4633 786 4668 as
798 4618 837 4668 Pt.
851 4615 886 4666 iii.
901 4630 957 4682 cap.
972 4631 986 4664 2
999 4614 1049 4680 (ed.
1065 4617 1136 4681 1897,
1148 4616 1199 4669 vol.
1212 4615 1229 4666 i.
1241 4633 1267 4684 p.
1283 4619 1333 4681 ⁶4).

233 4693 292 4747 ⁹0.
307 4714 359 4755 om,
372 4697 505 4754 adminus.
