3559 5442
368 671 408 732 74,
487 665 489 671 ‘
559 657 727 718 OPERIS
743 659 813 716 MA
808 659 945 737 JORIS
962 658 1083 718 PARS
1101 657 1332 719 SECUNDA.

365 818 419 881 die
435 839 503 882 nox
520 820 581 884 erit
596 819 772 884 tenebrosa
788 820 893 884 tribus
908 819 1006 884 horis.
1053 820 1099 883 Et
1123 830 1230 883 morte
1245 821 1403 884 morietur
1418 819 1525 884 tribus

364 921 482 986 diebus
499 945 617 988 somno
632 925 805 1007 suscepto!
851 925 897 987 Et
914 926 1032 988 iterum
1050 925 1186 987 metrice
1201 924 1289 988 dixit
1306 923 1445 1006 Sibylla,

574 1113 672 1183 Judicii
685 1111 796 1182 signum
809 1114 888 1168 tellus
902 1114 1002 1168 sudore
1014 1114 1164 1182 madescet,

575 1199 619 1251 Ex
630 1199 708 1252 caelo
721 1215 768 1252 rex
780 1197 910 1252 adveniet
921 1215 972 1266 per
983 1199 1056 1252 secla
1065 1198 1180 1266 futurus,

380 1281 382 1289 '
483 1272 499 1278 '⁴
556 1274 558 1278 ’
575 1274 684 1335 Scilicet
695 1281 723 1335 in
736 1287 817 1336 carne
830 1299 961 1350 praesens
974 1291 1004 1335 ut
1013 1282 1117 1352 judicet
1127 1280 1234 1348 orb'em,

576 1365 660 1418 Unde
674 1367 767 1419 Deum
779 1374 893 1418 cernent
905 1364 1061 1419 incredulus
1072 1375 1155 1434 atque
1167 1364 1255 1418 fidelis

576 1448 689 1502 Celsum
701 1466 765 1502 cum
777 1448 877 1502 sanctis
890 1449 951 1502 aevi
958 1449 1018 1518 jam
1030 1445 1164 1502 termino¹
1176 1447 1204 1501 in
1217 1447 1286 1517 ipso,

575 1531 622 1585 Sic
633 1531 741 1586 animae
754 1549 818 1585 cum
830 1549 914 1586 carne
926 1533 1043 1586 aderunt
1055 1549 1123 1601 quas
1133 1533 1238 1603 judicet
1250 1533 1319 1602 ipse,

576 1618 680 1670 Exuret
692 1625 777 1669 terras
791 1616 861 1684 ignis
875 1627 1046 1686 pontumque
1058 1618 1216 1686 polumque.

575 1739 582 1755 .
602 1741 608 1754 .
628 1741 634 1754 .
654 1741 661 1754 .
682 1698 799 1753 Sontes²
812 1709 956 1753 aeternum
968 1700 1080 1753 flamma
1092 1701 1232 1758 cremabit.

572 1786 662 1838 'Actus
675 1785 795 1837 occultos
808 1783 956 1851 retegens³
967 1794 1033 1837 tunc
1045 1783 1161 1853 quisque
1173 1787 1307 1853 loquetur,

576 1867 688 1920 Secreta
700 1877 783 1935 atque
796 1869 873 1926 Deus
887 1867 1021 1920 reserabit
1032 1876 1144 1935 pectora
1156 1867 1217 1921 luci.

575 1950 700 2019 Eripitur
711 1951 774 2004 solis
784 1950 865 2020 jubar
877 1960 905 2004 et
917 1951 1015 2004 chorus
1028 1949 1137 2004 interit⁴
1147 1951 1236 2019 astriS,

575 2035 707 2088 Volvetur
718 2035 834 2101 caelum,
847 2033 949 2088 lunaris
962 2034 1094 2103 splendor
1107 2034 1202 2102 abibit,

576 2117 676 2187 Ejiciet
688 2119 780 2184 colles,
794 2119 879 2170 valles
892 2119 1002 2171 extollet
1013 2117 1049 2170 ab
1061 2117 1123 2172 imo.

565 2201 622 2254 'Sic
634 2201 737 2269 pariter
749 2200 838 2254 fontes
851 2199 1008 2254 torrentur⁶
1021 2201 1189 2270 fluminaque
1202 2199 1265 2268 igni.

574 2285 792 2352 Tartareumque
806 2283 897 2337 Chaos
911 2283 1074 2336 monstrabit
1086 2293 1157 2337 terra
1169 2284 1323 2338 dehiscens.

575 2367 691 2421 Excidet
703 2385 718 2422 e
732 2367 836 2421 caelis⁶
849 2366 919 2435 ignis
932 2383 986 2436 que
999 2377 1027 2420 et
1040 2367 1178 2436 sulphuris
1188 2365 1199 2398 ⁶
1210 2367 1324 2422 amnis.’'

367 2549 371 2558 ¹
407 2565 443 2630 Si
475 2564 574 2648 igitur
604 2563 815 2627 mulierculae
846 2562 977 2646 fragiles
1006 2563 1198 2644 hujusmodi
1228 2565 1397 2639 dixerunt,
1426 2563 1527 2646 longe

363 2669 469 2751 magis
496 2667 699 2731 credendum
726 2677 777 2731 est
804 2667 1019 2750 philosophos
1046 2668 1308 2750 sapientissimos
1334 2667 1527 2748 hujusmodi

363 2783 516 2854 gustasse
542 2769 707 2836 veritates
762 2772 808 2836 Et
835 2771 1048 2853 Augustinus
1074 2771 1145 2834 vult
1172 2770 1303 2834 decimo
1332 2781 1452 2834 octavo
1483 2772 1526 2835 de

364 2875 507 2940 Ciuitate
531 2876 595 2939 Dei
619 2876 700 2938 alios
724 2875 911 2958 percepisse
930 2874 995 2936 Dei
1010 2874 1184 2937 veritatem
1207 2895 1309 2956 quarn
1333 2874 1379 2946 illi
1402 2874 1458 2956 qui
1482 2874 1525 2937 de

363 2978 450 3042 linea
457 2979 640 3043 ,Abraham
660 3000 764 3061 usque
783 2980 825 3041 ad
843 2979 1013 3042 Christum
1029 2987 1063 3040 et
1079 2978 1236 3060 deinceps
1251 2977 1496 3041 descenderunt
1505 2978 1525 3041 ⁷.

364 3083 452 3145 Nam
465 3082 530 3165 Job
546 3082 641 3145 scivit
657 3082 929 3145 resurrectionem
942 3090 976 3143 et
989 3081 1053 3143 Dei
1066 3082 1229 3143 veritates,
1259 3081 1304 3144 Et
1316 3081 1350 3143 in
1362 3080 1525 3144 chronicis

364 3185 500 3249 Eusebii
525 3185 653 3268 legitur,
675 3185 765 3267 quod
799 3183 952 3247 Helena8
974 3193 1008 3246 et
1035 3184 1258 3248 Constantino
1284 3184 1526 3267 imperantibus

295 3274 298 3282 ⁴
363 3289 424 3352 suit
451 3289 591 3352 cadaver
617 3288 768 3365 effosum,
794 3309 870 3350 cum
897 3308 965 3369 quo
991 3288 1221 3351 inveniebatur
1246 3289 1408 3371 scriptura
1433 3289 1527 3365 haec,

363 3392 473 3456 Credo
494 3393 527 3455 in
550 3393 739 3471 Christum;
763 3391 825 3454 sub
851 3390 1004 3454 Helena8
1027 3400 1060 3454 et
1083 3389 1307 3457 Constantino
1326 3393 1446 3455 iterum
1470 3413 1525 3456 me

362 3487 488 3560 videbit
504 3498 562 3580 sol.
601 3497 646 3559 Et
659 3517 747 3560 nunc
763 3506 913 3577 ternpore
930 3495 1068 3559 Domini
1084 3495 1273 3560 Alexandri
1289 3497 1401 3579 Papae
1416 3497 1526 3578 quarti

365 3601 551 3665 Saracenus
575 3601 608 3663 in
633 3601 743 3662 Bozea
765 3597 928 3662 mundum
944 3610 1172 3675 contemnens,
1187 3621 1310 3663 vacans
1326 3601 1360 3662 in
1375 3600 1449 3682 lege
1465 3621 1526 3663 sua

365 3704 440 3767 Deo
455 3714 488 3766 et
503 3703 639 3768 virtuti9
661 3714 694 3767 et
717 3702 993 3785 contemplationi
1009 3703 1144 3766 alterius
1162 3704 1259 3779 vitae,
1275 3704 1399 3786 recepit
1414 3704 1526 3768 visita-

363 3808 489 3871 tionem
525 3807 710 3891 angelicam
741 3816 774 3870 et
804 3807 977 3870 consilium
1008 3817 1045 3870 ut
1075 3816 1321 3871 converteretur
1349 3807 1392 3871 ad
1425 3807 1525 3870 fidem

396 4010 405 4042 ¹
420 4011 457 4076 J.,
468 4012 476 4038 ‘
482 4012 536 4078 jam
554 4047 561 4063 .
581 4046 588 4062 .
607 4045 615 4061 .
634 4027 662 4061 er
679 4046 685 4062 .
705 4046 712 4061 .
732 4046 739 4061 .
759 4009 790 4060 0'
808 4009 965 4073 [itermino]
998 4011 1042 4072 0.,
1053 4012 1106 4076 jam
1118 4010 1233 4060 temrino.
1269 4011 1313 4072 V.,
1326 4010 1406 4076 ejusa
1417 4011 1525 4063 termino

364 4110 409 4143 mr
428 4109 465 4143 so.

396 4111 456 4225 2ρΟ.
470 4174 555 4225 besore
567 4173 658 4224 Sontes
668 4175 713 4224 has
725 4175 846 4236 tradetur,
859 4174 943 4224 which
958 4175 1034 4224 refers
1051 4182 1078 4224 to
1094 4191 1110 4224 a
1127 4175 1243 4240 previous
1260 4174 1310 4225 line
1327 4174 1433 4224 omitted
1444 4174 1471 4224 in
1483 4175 1526 4226 the

363 4256 511 4322 quotation:
530 4257 593 4306 aiter
605 4265 689 4308 sontes
700 4257 734 4306 all
746 4256 822 4307 MSS.
837 4257 902 4306 have
913 4263 1012 4306 aeterna
1025 4257 1063 4306 for
1072 4264 1210 4307 aeternum.
1246 4256 1295 4306 See
1305 4257 1363 4306 add.
1378 4266 1457 4307 notes.

396 4337 407 4368 ³
421 4338 445 4403 J.
450 4376 456 4401 ,
470 4339 573 4402 deteges
584 4337 640 4399 [but
652 4339 759 4404 perhaps
771 4339 814 4388 the
824 4339 897 4387 mark
907 4355 967 4388 over
978 4339 1021 4388 the
1033 4339 1080 4389 last
1100 4339 1149 4400 ‘e,’
1160 4338 1284 4403 denoting
1294 4354 1327 4388 an
1340 4339 1393 4399 ‘n‚’
1404 4339 1450 4388 has
1461 4340 1526 4390 beeu

364 4421 514 4472 obliterated
525 4420 559 4486 by
569 4422 613 4470 the
623 4421 687 4482 fire].
723 4422 754 4471 V.
769 4421 813 4480 0.,
825 4421 954 4484 detegens.

396 4500 407 4531 ⁴
421 4502 444 4567 J.
449 4539 457 4565 ‚
469 4501 563 4552 interit.
600 4502 643 4563 0.,
657 4502 751 4552 vicerit.
788 4503 831 4564 V.,
844 4503 965 4552 intererit.
1105 4500 1116 4532 ⁶
1133 4503 1177 4565 0.,
1189 4508 1343 4567 terrentque.

396 4581 407 4614 ⁶
425 4585 459 4634 So
469 4584 563 4648 quoted
574 4584 608 4645 by
620 4584 648 4634 St
659 4584 808 4649 Augustine.
831 4623 832 4626 ,
844 4584 888 4634 V's
899 4585 1004 4648 reading
1014 4584 1043 4644 is,
1057 4585 1127 4634 caelo
1137 4592 1163 4634 et
1173 4585 1238 4650 ignis
1249 4584 1381 4650 sulphuris.

366 4701 370 4710 .
397 4664 457 4732 ⁷J.,
471 4667 634 4717 descendunt.
767 4664 827 4732 ⁸J.,
842 4667 948 4718 Hirena.
984 4667 1027 4729 0.,
1043 4667 1149 4718 Hireno.
1282 4666 1342 4732 ”J.,
1356 4667 1469 4720 veritate.
