3559 5442
398 681 437 753 ⁸4,
652 677 818 736 OPERIS
835 677 906 736 MA
901 677 1037 758 JORIS
1053 678 1173 738 PARS
1190 679 1349 739 PRIMA.

399 837 591 919 sapientiae,
608 839 665 902 sed
690 860 733 901 ex
757 839 889 922 propria
912 840 1183 925 praesumptione
1198 849 1232 904 et
1253 840 1418 904 desiderio
1435 831 1552 918 famae,

396 949 432 1003 et
462 961 562 1023 quam
585 942 704 1024 vulgus
727 943 917 1026 imperitum
945 944 1058 1008 multis
1080 945 1243 1008 concessit
1269 945 1302 1007 in
1325 945 1550 1028 pernicionem

397 1046 564 1128 propriam
592 1046 718 1129 judicio
748 1048 813 1109 Dei
844 1047 960 1130 justo.⁴
1012 1049 1101 1111 Nam
1132 1047 1315 1112 secundum
1353 1039 1549 1131 scripturam

397 1158 531 1232 propter
546 1159 682 1232 peccata
698 1151 812 1234 populi
829 1150 1000 1215 multoties
1016 1162 1133 1235 regnat
1148 1152 1341 1236 hypocrita3
1364 1152 1407 1216 de
1422 1142 1550 1236 sophis-

397 1253 470 1315 ticis
496 1255 585 1317 enim
612 1255 801 1317 auctoribus
828 1254 1050 1318 multitudinis
1076 1256 1290 1321 insensatael
1319 1256 1445 1338 loquor,
1469 1255 1551 1339 qui²

396 1359 576 1439 aequivoce
598 1367 676 1422 sunt
699 1367 858 1434 auctores,
874 1359 960 1421 sicut
981 1359 1097 1422 oculus
1120 1359 1270 1443 lapideus
1294 1360 1374 1424 aut⁸
1396 1361 1548 1444 depictus

395 1482 518 1524 nomen
534 1461 636 1525 habet
651 1462 746 1541 oculi,
761 1483 828 1525 non
844 1463 1000 1526 virtutem
1014 1463 1034 1529 4.

820 1697 1046 1763 Caenuuuu
1072 1697 1115 1762 ΙΙ.

438 1851 555 1914 Haec⁵
571 1851 634 1914 tria
645 1849 805 1934 reprobat·
814 1871 907 1914 sacra
922 1851 1093 1934 scriptura,
1105 1851 1212 1915 sancti
1224 1851 1376 1915 doctores
1388 1853 1546 1920 condem·

392 1963 482 2032 nant,
491 1955 546 2036 jus
562 1955 759 2019 canonicum
771 1964 863 2018 vetat
872 1954 893 2032 ⁶,
906 1955 1116 2038 philosophia
1128 1955 1338 2039 reprehendit
1351 1977 1358 2033 ;
1381 1955 1439 2019 sed
1450 1977 1548 2038 prop·

390 2067 441 2121 ter
463 2061 608 2123 rationes
630 2060 720 2142 prius
743 2069 849 2123 tactas
866 2058 930 2122 de⁷
953 2059 1188 2142 philosophicis
1211 2059 1403 2142 allegandis
1419 2070 1452 2123 ct
1467 2060 1546 2142 quia

391 2163 501 2226 minus
515 2163 670 2245 vulgatae
686 2171 763 2225 sunt
779 2163 964 2226 sententiae
979 2162 1253 2247 philosophorum
1276 2164 1362 2226 circa
1376 2164 1458 2226 haec
1474 2163 1546 2238 tria,

389 2286 446 2328 eas
470 2265 696 2349 principaliter
722 2265 940 2329 introducam.
1002 2265 1109 2330 Simul
1139 2287 1218 2329 vero
1245 2286 1361 2329 omnes
1386 2266 1447 2329 has
1477 2276 1544 2329 tres

389 2377 500 2452 pestes
517 2369 645 2434 Seneca
660 2369 744 2432 libro
759 2371 980 2433 secundarum
996 2369 1211 2453 epistolarum
1233 2390 1336 2452 prope
1352 2368 1452 2432 finem
1476 2390 1544 2435 uno

388 2494 540 2542 sermone
563 2473 774 2538 condemnat.
833 2471 924 2536 Dicit
950 2473 1059 2556 igitur,
1085 2473 1197 2536 ‘Inter
1219 2473 1357 2536 causas8
1379 2473 1542 2537 malorum

387 2586 575 2641 nostrorum
591 2585 650 2655 est,
666 2575 756 2659 quod
772 2577 936 2640 vivimus⁹
956 2577 999 2640 ad
1018 2576 1175 2659 exempla
1184 2576 1218 2652 1⁰,
1234 2597 1295 2640 nec
1310 2577 1437 2646 ratione
1453 2598 1542 2640 com-

387 2682 550 2763 ponimur,
562 2680 620 2758 sed
633 2680 872 2743 consuetudine
885 2679 1110 2744 adducimur¹¹
1118 2703 1126 2759 ;
1146 2681 1236 2763 quod
1249 2680 1276 2742 si
1289 2681 1385 2763 pauci
1397 2680 1542 2743 iacerent

386 2785 549 2848 nollemus
565 2785 695 2862 imitari,
711 2805 786 2847 cum
803 2784 913 2867 plures
929 2785 1036 2848 facere
1052 2785 1230 2867 coeperint,
1245 2786 1323 2865 quia
1333 2784 1541 2866 ‘frequentius

386 2888 525 2970 quam12
548 2890 719 2952 honestius
742 2889 775 2951 id
799 2889 946 2966 facimus,
962 2897 995 2951 et
1018 2889 1098 2952 recti
1121 2889 1230 2952 locum
1253 2889 1343 2971 apud
1367 2908 1428 2952 nos
1449 2898 1541 2956 tenet

384 3013 485 3070 error,
507 2993 564 3056 ubi
588 2993 739 3076 publicus
762 2993 869 3055 sactus
892 2993 960 3055 est’
1007 2992 1229 3075 Philosophus
1251 3013 1329 3054 vero
1352 3013 1411 3075 per
1432 3001 1538 3056 totam

385 3097 629 3180 philosophiam
642 3117 735 3159 suam
749 3117 951 3179 persequens
963 3097 1194 3175 auctoritatem
1208 3094 1378 3178 indignam
1393 3097 1540 3160 secundo

384 3201 642 3285 Metaphysicae
665 3221 781 3264 causas
804 3201 921 3266 erroris
947 3201 1085 3265 humani
1109 3200 1225 3262 asserit
1248 3201 1441 3282 praecipuas
1463 3221 1539 3262 con-

384 3306 595 3369 suetudinem
619 3316 653 3369 et
676 3305 790 3388 populi
817 3304 1054 3366 testimonium.
1104 3304 1150 3366 Et
1174 3303 1292 3366 iterum
1319 3303 1448 3369 Seneca
1471 3305 1504 3367 in
1515 3304 1540 3344 ¹³

384 3409 468 3474 libro
484 3411 526 3472 de
540 3389 722 3474 vita'beata
738 3408 827 3484 dicit,
843 3409 954 3472 Nemo
970 3407 1031 3472 sibi
1048 3406 1108 3470 soli
1124 3415 1219 3481 errat,
1233 3407 1292 3469 sed
1308 3407 1406 3470 alieni
1422 3409 1539 3471 erroris

384 3533 485 3576 causa
500 3521 534 3575 et
556 3522 670 3576 auctor
693 3521 752 3588 est,
766 3521 943 3593 versatque
966 3530 1027 3573 nos
1047 3519 1081 3573 et
1102 3511 1300 3593 praecipitat
1322 3511 1464 3574 traditus
1481 3533 1539 3594 per

385 3637 503 3680 manus
519 3637 616 3694 error,
627 3625 661 3681 et
676 3613 790 3678 alienis
806 3614 952 3696 perimus
968 3614 1142 3696 exemplis.
1191 3615 1236 3677 Et
1248 3614 1280 3676 in
1295 3614 1443 3678 secundo
1454 3615 1538 3677 libro

383 3721 427 3784 de
439 3721 494 3797 ira,
506 3729 640 3803 propter
653 3719 813 3781 malitiam
825 3717 1075 3780 consuetudinis
1087 3718 1142 3793 ait,
1153 3717 1338 3781 Difficulter
1349 3719 1539 3783 reciduntur

383 3825 465 3889 vitia
480 3844 566 3906 quae
582 3822 755 3885 nobiscum
771 3829 952 3885 creverunt.
998 3821 1044 3883 Et
1067 3821 1100 3883 in
1124 3820 1208 3884 libro
1226 3823 1269 3884 de
1290 3821 1378 3884 vitae
1401 3821 1539 3884 beatitu-
1608 3904 1610 3911 Ι

384 3928 463 3998 dine
478 3937 594 3991 contra
608 3925 699 4007 vulgi
715 3925 915 3994 sententiam
931 3924 1039 4000 refert,
1056 3924 1154 3988 Nulla
1175 3945 1227 3986 res
1247 3923 1426 4005 majoribus
1442 3924 1537 3989 malis

383 4052 445 4096 nos
461 4030 617 4115 implicat,
633 4027 769 4111 quarn14
786 4027 876 4110 quod
900 4027 943 4090 ad
967 4048 1132 4090 rumorem
1156 4028 1395 4111 componimur,
1409 4029 1537 4110 optima

383 4135 446 4200 rati
457 4155 496 4196 ea
505 4153 590 4216 quae
600 4151 723 4214 magno
733 4151 869 4194 assensu
881 4141 1014 4214 recepta
1025 4141 1110 4208 sunt,
1125 4152 1185 4194 nec
1195 4132 1238 4194 ad
1249 4132 1410 4194 rationem
1421 4132 1481 4195 sed
1494 4132 1537 4195 ad

384 4234 635 4302 similitudinem
646 4235 796 4299 vivimus,
836 4233 919 4298 lnde
932 4244 983 4298 est
998 4236 1061 4297 ista
1072 4243 1167 4299 tanta
1178 4235 1384 4297 coacervatio
1396 4235 1535 4298 aliorum

415 4364 425 4395 1
441 4366 463 4430 J.
468 4403 475 4428 ,
489 4363 636 4426 insensatae,
649 4364 681 4414 V.
695 4357 827 4413 insensata.
925 4375 927 4381 ·
1122 4359 1134 4390 1
1150 4361 1195 4422 0.,
1207 4378 1264 4426 quae
1274 4361 1409 4426 aequivoce
1420 4370 1486 4412 sunt.

415 4445 538 4511 ³J.,aut.
567 4446 654 4505 V.,et.
779 4443 836 4511 lJ.,
850 4444 989 4494 veritatem.
1122 4441 1193 4504 Ι0.,
1207 4444 1266 4495 Sed.

416 4526 487 4590 ⁰0„
497 4534 572 4578 vetat.
591 4528 623 4578 V.
632 4528 668 4594 J.‚
679 4528 749 4579 vitat.
778 4525 938 4592 ⁷J.O.‚de.
968 4524 1083 4587 V.‚esse.
1119 4523 1330 4590 ⁸J.O.‚causas.
1373 4525 1501 4586 V.,casus.

416 4606 476 4674 ⁹J.,
489 4608 610 4660 vovimus.
772 4605 793 4638 ¹⁰
810 4608 853 4670 0.,
867 4607 1002 4671 exemplar.
1110 4603 1131 4635 ¹¹
1148 4606 1180 4657 Ο.
1192 4607 1346 4657 abducimur.

408 4687 476 4758 Ἧι,
491 4691 595 4756 quamsi.
776 4687 796 4720 ¹³
811 4691 834 4755 J.
849 4688 924 4739 omits
939 4686 999 4738 ‘in'
1113 4685 1134 4718 ¹⁴
1148 4688 1183 4753 J.,
1196 4704 1272 4754 quam
1283 4689 1358 4754 quod.
1394 4688 1535 4754 V.,qua1'n.
