3559 5442
376 699 412 759 52
480 702 483 758 3
568 681 735 742 openss
753 681 953 760 Marsorum
970 681 1090 741 PARS
1109 681 1339 742 SECUNDA.

375 851 421 913 sic
444 848 548 913 voluit
570 850 658 933 ipsas
682 870 732 912 res
756 849 859 913 factas
883 870 1007 932 ponere
1029 849 1063 912 in
1086 849 1247 931 scriptura
1265 849 1308 912 ad
1324 849 1529 912 intellectum

374 954 477 1037 ipsius
518 963 587 1017 tam
629 974 745 1016 sensus
788 953 923 1016 literalis
963 974 1065 1036 quam
1105 954 1291 1036 spiritualis.
1353 954 1421 1018 Sed
1459 962 1532 1016 tota

374 1057 602 1141 philosophiae
633 1057 773 1120 intentio
794 1043 870 1120 ¹non
902 1067 952 1121 est
982 1057 1044 1119 nisi
1075 1077 1183 1120 rerum
1213 1066 1348 1119 naturas
1387 1066 1421 1119 et
1457 1076 1531 1138 pro-

375 1163 540 1245 prietatesn
562 1161 720 1236 evolvere,
750 1170 953 1244 quapropter
985 1162 1086 1224 totius
1120 1161 1350 1243 philosophiae
1383 1168 1532 1244 potestas

376 1267 409 1329 in
432 1267 531 1329 sacris
554 1265 655 1328 literis
678 1267 885 1342 continetur;
908 1274 942 1328 et
964 1265 1027 1328 hoc
1051 1265 1200 1328 maxime
1222 1275 1323 1348 patet,
1338 1266 1416 1346 quia
1432 1263 1532 1345 longe

375 1371 555 1433 certius'ac
580 1369 696 1432 melius
719 1378 752 1432 et
774 1370 882 1431 verius
906 1368 1026 1452 accipit
1049 1369 1210 1450 scriptura
1236 1379 1402 1432 creaturas
1428 1388 1529 1450 quam

374 1469 469 1533 labor
481 1469 728 1552 philosophicus
744 1469 826 1530 sciat
842 1489 955 1531 eruere
965 1468 984 1532 ¹.
1023 1467 1124 1551 Quod
1140 1489 1201 1551 pro
1216 1468 1352 1531 infinitis
1364 1466 1530 1550 exemplis

375 1584 489 1658 pateat
520 1573 552 1636 in
583 1573 665 1636 iride
692 1573 737 1635 ad
768 1593 932 1654 praesens.
979 1572 1199 1655 Philosophus
1234 1572 1432 1636 Aristoteles
1463 1571 1531 1634 suis

374 1677 630 1742 obscuritatibus
656 1697 717 1739 nos
740 1676 920 1759 perturbat,
950 1697 1010 1739 uec
1041 1675 1166 1758 aliquid
1196 1676 1286 1758 quod
1317 1676 1456 1759 dignum
1487 1676 1530 1738 sit

374 1783 523 1845 valemus
539 1801 597 1862 per
612 1800 688 1844 eum
704 1780 906 1861 intelligere3
929 1801 991 1844 nec
1007 1781 1135 1857 mirum,
1152 1801 1227 1843 cum
1245 1781 1419 1843 Avicenna
1435 1778 1529 1861 ejus²

374 1887 571 1970 praecipuus
587 1883 759 1959 imitator2,
772 1885 929 1967 princeps
945 1893 978 1947 et
994 1883 1066 1946 dux
1083 1884 1311 1967 philosophiae
1326 1885 1425 1966 post3
1442 1904 1529 1960 eum,

374 2000 411 2054 ut
438 2011 537 2073 super
561 1989 742 2073 capitulum
770 1989 961 2052 Aristotelis
991 1988 1034 2051 de
1062 1989 1150 2051 iride
1176 1990 1275 2053 tertio
1302 1990 1528 2052 Meteororum

373 2095 454 2158 dicit
491 2093 762 2170 commentator3,
794 2092 938 2160 fateatur
970 2112 1006 2155 se
1043 2102 1195 2155 naturam
1226 2091 1318 2154 iridis
1348 2114 1414 2156 non
1445 2092 1530 2171 bene

374 2197 556 2280 agnovisse.
617 2196 662 2260 Et
699 2217 799 2258 causa
837 2195 935 2277 hujus
972 2206 1023 2258 est
1059 2196 1138 2278 quia
1174 2195 1363 2280 philosophi
1394 2216 1529 2259 causam

374 2301 506 2364 finalem
524 2300 614 2363 iridis
630 2301 872 2382 ignoraverunt,
887 2309 921 2363 et
937 2284 1089 2381 ignorato
1104 2299 1179 2376 fine,
1194 2300 1370 2382 ignorant⁴
1390 2321 1430 2362 ea
1445 2319 1531 2381 quae

374 2405 417 2468 ad
440 2404 540 2467 finem
564 2413 649 2481 sunt,
673 2403 750 2484 quia
773 2401 847 2465 finis
871 2403 1012 2485 imponit
1039 2403 1269 2465 necessitatem
1297 2402 1348 2465 his
1374 2422 1461 2484 quae
1486 2401 1530 2464 ad

375 2509 474 2571 finem
501 2507 704 2581 ordinantur,
733 2515 770 2569 ut
800 2506 999 2569 Aristoteles
1028 2507 1099 2568 vult
1129 2509 1276 2569 secundo
1304 2507 1530 2588 Physicorum.

375 2613 484 2677 Causa
513 2632 591 2674 vero
611 2593 728 2673 ¹finalis
758 2611 848 2673 iridis
878 2619 929 2672 est
959 2609 1132 2692 dissipatio
1162 2610 1370 2673 humiditatis
1396 2631 1532 2692 aqueae,

373 2719 459 2780 sicut
474 2725 567 2799 patet
582 2736 626 2777 ex
643 2714 726 2777 libro
743 2714 890 2790 GenesiS,
906 2713 996 2777 unde
1011 2735 1142 2795 semper
1162 2715 1195 2776 in
1217 2715 1425 2797 apparitione
1440 2714 1531 2776 iridis

374 2831 425 2883 est
452 2819 589 2882 nubium
617 2818 774 2881 resolutio
801 2818 834 2880 in
865 2816 1031 2880 stillicidia
1061 2816 1198 2895 infinita,
1227 2827 1261 2881 et
1290 2827 1533 2881 consumuntur

374 2945 500 3006 aqueae
522 2923 736 2985 humiditates
760 2931 829 3006 tam
850 2921 886 2984 in
912 2943 987 2984 aere
1008 2942 1110 3004 quam
1128 2921 1161 2983 in
1177 2921 1259 2983 mari
1275 2930 1308 2984 et
1324 2931 1430 2998 terra3
1452 2921 1532 3002 quia

375 3049 442 3091 una
457 3048 533 3110 pars
549 3026 639 3089 iridis
655 3024 744 3088 cadit
761 3025 793 3087 in
810 3024 967 3106 sphaeras
983 3044 1090 3105 aquae
1105 3033 1139 3086 et
1151 3034 1264 3087 terrae.
1309 3025 1532 3107 Consumptio

374 3152 453 3194 vero
482 3130 630 3212 aqueae⁵
659 3127 889 3190 humiditatis⁵
920 3147 987 3189 non
1014 3121 1224 3209 potestesse
1246 3148 1304 3210 per
1326 3127 1440 3190 iridem
1468 3123 1532 3190 nisi

376 3243 511 3316 propter
526 3231 635 3294 radios
651 3230 729 3293 solis
745 3229 905 3292 facientes
920 3249 1003 3305 eam,
1018 3250 1096 3291 nam
1116 3250 1174 3312 per
1195 3231 1303 3293 varias
1325 3230 1532 3293 reflectiones

376 3347 410 3400 et
420 3337 595 3400 fractiones
608 3343 852 3416 congregantur
864 3332 946 3395 radii
955 3332 1084 3410 infiniti,
1092 3334 1130 3395 ‘et
1141 3334 1354 3416 congregatio
1363 3334 1531 3398 radiorum

377 3451 428 3503 est
450 3460 548 3502 causa
571 3437 780 3501 resolutionis
803 3445 836 3498 et
859 3436 1124 3517 consumptionis
1147 3457 1317 3518 aquarum,
1332 3445 1365 3499 et
1384 3437 1460 3499 ideo
1476 3437 1532 3500 iris

377 3552 553 3626 generatur
564 3561 622 3624 per
637 3540 841 3603 reflectiones
859 3539 1067 3620 multiplices.
1106 3540 1183 3602 Non
1196 3541 1285 3603 enim
1298 3550 1438 3622 possunt
1448 3540 1532 3603 radii

377 3646 569 3730 congregari
593 3645 655 3707 nisi
679 3665 737 3726 per
760 3642 955 3705 fractionem
976 3651 1010 3705 et
1033 3643 1267 3721 reflectionem,
1281 3653 1319 3706 ut
1340 3653 1457 3727 postea
1471 3665 1533 3708 suo

377 3753 450 3815 loco
476 3747 625 3813 scieturt
676 3747 733 3809 Ex
760 3746 921 3828 scriptura
951 3744 1072 3827 igitur⁷
1099 3746 1271 3809 Geneseos
1297 3767 1373 3809 cum
1403 3746 1533 3822 dicitur,

378 3859 507 3920 Ponam
523 3872 635 3915 arcum
653 3871 764 3912 meum
781 3851 814 3937 in
830 3849 975 3912 nubibus
991 3849 1084 3925 coeli,
1099 3860 1136 3913 ut
1152 3871 1218 3912 non
1234 3851 1277 3914 sit
1293 3849 1434 3933 amplius
1450 3850 1537 3913 dilu⁴

160 3975 177 4026 f.
192 3973 224 4024 88
236 3973 264 4024 of
270 3974 294 4039 J.
377 3961 468 4024 vium
478 3977 584 4040 ‘super
598 3963 730 4031 terram,
745 3953 903 4036 accipitur
919 3974 1019 4016 causa
1030 3953 1135 4016 finalis
1151 3954 1255 4037 ipsius
1270 3953 1369 4031 iridis,
1384 3975 1428 4016 ex
1444 3975 1512 4036 qua
1521 3955 1538 4034 ⁸·

161 4041 336 4156 Reffifflff
379 4061 571 4150 investigari
589 4067 704 4142 ,potest
727 4064 827 4124 ca'usa
849 4056 996 4120 efficiens
1018 4067 1052 4120 et
1075 4057 1195 4120 modus
1210 4057 1391 4139 generandi
1406 4057 1535 4134 iridem,

161 4171 205 4220 the
216 4171 269 4220 first
279 4171 327 4220 few
380 4167 436 4250 qui
466 4163 588 4232 'modus
616 4171 692 4228 noni
715 4161 776 4230 luit
809 4171 908 4228 notus
942 4160 1149 4245 philosophis
1178 4160 1386 4238 sufficienter,
1419 4182 1534 4226 secun·

160 4236 234 4298 lines,
246 4237 296 4284 arrd
308 4236 367 4301 only

142 4301 347 4438 iiiiiididte.
410 4364 459 4430 1J.
473 4364 516 4426 O.,
530 4378 624 4436 eruere.
659 4360 704 4423 V.,
717 4375 848 4428 enarrare:
891 4374 895 4379 ·
1024 4355 1146 4410 ²0.0m.
1160 4357 1364 4432 ejus-imitator.

392 4457 395 4462 “
410 4445 420 4479 ³
438 4448 469 4497 Ο.
484 4462 534 4496 om.
548 4450 604 4510 post
615 4446 896 4492 eum-commentator.
938 4428 940 4433 ¹

409 4529 420 4560 ⁴
434 4530 470 4594 J.‚
486 4530 509 4580 ¹.
522 4565 529 4579 .
544 4564 551 4578 .
564 4534 638 4578 antur
649 4541 679 4575 ea
689 4523 782 4590 quaest*
808 4523 851 4583 O.,
865 4523 1019 4587 ignorantur.

410 4611 420 4642 ⁶
437 4610 480 4670 O.,
494 4623 581 4674 aquae.
599 4655 603 4664 ,
703 4669 705 4674 Δ
1017 4599 1089 4664 ⁶.0.,
1102 4602 1218 4666 patebit,
1231 4617 1281 4654 om.
1296 4608 1342 4653 suo'
1353 4603 1418 4655 loco.

410 4691 421 4758 .⁷
438 4692 472 4745 O.
482 4706 531 4742 om.
543 4687 626 4754 igitur.
736 4734 738 4740 ,
807 4747 808 4751 ¹
1018 4680 1030 4714 ⁸
1046 4683 1090 4744 O.,
1103 4699 1163 4748 quo.
1328 4688 1331 4691 “
