3559 5442
359 673 399 728 44
581 659 749 720 OPERIS
766 661 968 740 MAJORIS
985 661 1108 759 PARS·
1124 661 1354 724 SECUNDA.

143 807 278 925 idaevcgfiing
360 817 501 881 scribere
527 829 699 886 tentavero
725 832 808 905 puto
838 822 1008 887 interdicis
1035 823 1115 887 mihi
1146 844 1189 886 ne
1219 823 1371 888 rabidum
1398 841 1516 887 canem

359 921 632 1006 philosophorum
650 935 689 990 'et
706 927 894 991 Stoicorum
918 927 1086 1005 doctrinis,
1101 928 1135 991 id
1151 937 1202 992 est
1220 928 1375 991 Herculis
1399 926 1517 991 clava1

359 1027 610 1108 repercutiam?'
638 1029 684 1092 Et
696 1029 824 1093 inducit
834 1030 877 1093 ad
892 1030 1084 1112 hujusmodi
1094 1031 1325 1114 probationem
1336 1030 1518 1113 prophetas

360 1139 394 1191 et
409 1149 526 1193 omnes
542 1132 694 1196 doctores
710 1133 856 1197 famosos
872 1156 893 1197 a
915 1135 1077 1217 principio
1101 1135 1279 1198 Ecclesiae
1292 1135 1349 1217 qui
1372 1135 1517 1219 philoso

360 1231 501 1314 phorum
528 1235 687 1298 doctrinis
714 1236 813 1300 fidem
842 1237 966 1302 Christi
992 1249 1225 1321 persuaserunt
1254 1238 1459 1321 principibus
1483 1247 1518 1300 et

359 1335 548 1400 infidelibus
585 1359 624 1404 ac
660 1340 898 1403 roboraverunt
935 1341 1169 1424 multipliciter.
1220 1342 1266 1405 Et
1297 1342 1390 1405 Beda
1419 1361 1519 1424 super

360 1439 480 1502 librum
499 1442 630 1524 Regum
648 1442 727 1506 dicit
743 1443 833 1526 quod
857 1444 1042 1507 liberalium
1062 1445 1274 1508 scientiarum
1292 1443 1408 1508 utilia²
1423 1445 1519 1526 quasi

361 1561 421 1606 sua
447 1565 577 1607 sumere
600 1547 676 1610 licet
700 1547 897 1610 Christianis
919 1548 962 1611 ad
985 1548 1106 1612 divina.
1152 1549 1312 1630 Alioquin
1331 1549 1469 1629 Moyses
1485 1557 1519 1610 et

363 1647 483 1711 Daniel
502 1651 665 1731 sapientia
680 1662 714 1714 et
729 1652 852 1715 literis³
869 1653 1115 1735 Aegyptiorum
1131 1663 1165 1715 et
1182 1652 1425 1716 Chaldaeorum
1451 1672 1519 1714 non

362 1762 553 1834 paterentur
566 1754 695 1818 erudiri.
736 1757 822 1819 Item
838 1757 871 1819 in
894 1757 998 1819 libro*
1013 1757 1056 1820 de
1071 1757 1199 1820 factura
1214 1755 1330 1838 templi
1348 1756 1430 1819 dicit
1446 1755 1520 1820 Sol·

361 1876 518 1934 omonem
535 1878 611 1920 cum
627 1860 695 1922 suis
718 1860 818 1923 servis
834 1860 1042 1942 significare⁵
1063 1860 1241 1935 Christum,
1257 1870 1291 1923 et
1309 1859 1427 1922 Hiram
1444 1879 1521 1921 cum

362 1961 430 2022 suis
445 1960 642 2042 designare⁶
656 1964 872 2047 philosophos
888 1974 923 2027 et
938 1965 1105 2047 sapientes
1122 1965 1164 2026 de
1179 1964 1368 2045 gentilibus,
1385 1972 1421 2025 ut
1437 1972 1521 2025 tem-

362 2063 455 2146 plum'
473 2064 546 2140 Dei,
558 2066 621 2128 hoc
637 2077 688 2130 est
704 2067 863 2146 Ecclesia,
875 2089 942 2131 non
959 2068 1067 2131 solum
1084 2069 1247 2150 sapientia
1262 2066 1446 2149 apostolica
1462 2066 1521 2129 sed

362 2167 635 2252 philosophorum
649 2181 901 2236 construeretur.
939 2173 985 2236 Et
995 2172 1097 2236 dicit⁷
1112 2173 1284 2255 scriptura,
1294 2171 1388 2235 Servi
1403 2170 1521 2232 Hiram

363 2271 526 2335 doctiores
553 2284 647 2338 erant
673 2276 774 2338 servis
798 2275 990 2340 Solomonis
1012 2277 1055 2340 ad
1078 2275 1285 2339 caedendum
1297 2273 1318 2338 ⁷.
1364 2273 1463 2355 Quia,
1485 2283 1523 2336 ut

364 2375 444 2439 dicit
468 2376 561 2441 Beda
583 2400 682 2461 super
704 2379 766 2443 hoc
776 2380 797 2457 ⁸,
819 2381 962 2463 gentiles
984 2380 1028 2442 ab
1049 2401 1159 2443 errore
1180 2379 1329 2442 conversi
1353 2388 1454 2460 atque
1480 2377 1523 2440 ad

362 2481 536 2543 veritatem
554 2482 728 2564 Evangelii
744 2484 969 2548 transformati
985 2484 1103 2547 melius
1119 2484 1209 2567 ipsos
1224 2483 1376 2565 gentium
1395 2498 1524 2544 'errores

364 2595 534 2660 noverant,
549 2596 582 2648 et
597 2608 664 2668 quo
686 2589 807 2651 certius
830 2598 1002 2667 noverunt,
1018 2609 1059 2652 eo
1081 2588 1289 2652 artificiosius
1311 2588 1374 2649 hoc
1395 2607 1525 2669 expug-

365 2693 444 2751 nare
470 2698 572 2771 atque
598 2712 758 2755 evacuare
784 2693 980 2756 didicerunt.
1027 2693 1150 2755 Paulus
1181 2689 1402 2773 Evangelium
1433 2689 1525 2771 quod

365 2811 423 2874 per
435 2791 668 2857 revelationem
681 2795 843 2859 didicerat
856 2797 973 2860 melius
986 2797 1086 2860 novit.
1127 2796 1195 2861 Sed
1209 2795 1392 2876 Dionysius
1405 2793 1525 2856 melius

364 2896 530 2961 revincere
560 2908 691 2981 poterat
721 2900 803 2963 salsa
834 2901 1044 2963 Athenarum
1076 2898 1245 2982 dogmata,
1275 2917 1417 2980 quorum
1448 2917 1524 2959 cum

363 3001 527 3063 erroribus
538 3002 717 3066 similibus⁹
728 3016 927 3085 argumenta
938 3025 957 3067 a
970 3025 1073 3086 puero
1083 3013 1229 3080 noverat,
1238 3013 1272 3066 et
1282 3000 1525 3065 ideoSolomon

363 3103 453 3180 dicit,
478 3104 551 3169 Scis
572 3108 662 3170 enim
686 3110 776 3189 quod
801 3128 868 3170 non
892 3118 943 3171 cst
958 3108 991 3171 in
1003 3105 1136 3190 'populo
1161 3128 1237 3170 meo
1252 3107 1301 3170 vir
1316 3104 1373 3187 qui
1397 3105 1526 3169 noverit

363 3206 455 3289 ligna
470 3208 608 3272 caedere
623 3211 707 3274 sicut
724 3211 861 3276 Sidonii.
910 3212 1005 3274 Haec
1021 3221 1055 3274 et
1070 3210 1262 3292 hujusmodi
1279 3209 1384 3273 multa
1400 3208 1526 3290 allegat

364 3313 560 3376 venerabilis
577 3314 677 3392 Beda,
692 3323 726 3377 et
743 3314 839 3377 multi
855 3314 919 3390 alii,
933 3316 991 3378 sed
1008 3315 1090 3377 haec
1106 3335 1194 3377 nunc
1210 3313 1384 3376 sufficiant.

799 3591 1025 3659 Cnr1rueul1
1049 3593 1090 3656 V.

409 3769 538 3834 Causae
553 3777 665 3831 autem
682 3789 784 3851 quare
804 3769 910 3831 sancti
934 3769 980 3831 sic
996 3768 1163 3831 affirmant
1173 3766 1199 3806 ¹⁰
1213 3767 1303 3850 quod
1327 3767 1530 3850 quaerimus,

364 3881 398 3935 et
411 3872 587 3953 figuratum
611 3870 712 3933 suisse
733 3871 904 3934 declarant
920 3881 954 3934 et
969 3892 989 3934 a
1004 3871 1127 3935 sanctis
1143 3870 1275 3934 effectui
1299 3872 1528 3953 mancipatum

364 3975 569 4057 denunciant
578 3974 611 4052 ¹¹,
642 3985 781 4058 possunt
810 3976 979 4057 assignari.
1038 3976 1149 4038 Primo
1178 3983 1313 4057 propter
1342 3975 1405 4037 hoc
1436 3973 1528 4056 quod

364 4081 553 4162 ubicunque
589 4080 710 4143 veritas
753 4080 927 4158 invenitur,
966 4079 1088 4143 Christi
1128 4079 1305 4163 judicatur,
1342 4077 1528 4140 secundum

399 4244 408 4275 ¹
425 4246 467 4306 V.‚
481 4244 599 4294 clausula.
828 4241 840 4274 ²¹
857 4243 890 4294 O.
903 4259 953 4293 om.
967 4242 1047 4293 utilia.
1268 4239 1279 4272 ⁸
1296 4241 1329 4291 Ο.
1340 4257 1394 4290 om.
1403 4247 1429 4289 et
1440 4239 1528 4290 literis.

397 4326 408 4357 ⁴
424 4328 456 4378 Ο.
470 4342 518 4376 om.
533 4327 560 4377 in
571 4327 644 4376 libro.
830 4323 841 4356 ⁵
858 4325 901 4386 0.,
916 4326 1029 4390 figurare.
1267 4320 1279 4353 ⁸
1296 4323 1339 4385 0.,
1353 4323 1500 4388 significare.

397 4408 408 4442 '¹
425 4410 457 4460 0.
471 4424 521 4459 orn.
536 4410 570 4457 Et
580 4407 838 4458 dicit-caedendum.

398 4490 409 4523 ⁸
426 4492 458 4543 0.
471 4506 521 4541 om.
535 4497 563 4540 ut
573 4490 725 4541 dicit-hoc.
831 4487 842 4520 ⁰
859 4490 890 4539 Ο.
905 4505 954 4540 om.
969 4487 1098 4539 similibus.

398 4572 419 4604 ¹⁰
434 4575 468 4640 J.,
482 4572 607 4622 affirmant
619 4579 644 4621 et
655 4572 788 4638 figuratum
800 4571 825 4620 fu
843 4608 850 4622 .
870 4607 877 4621 .
897 4606 905 4623 .

399 4655 419 4687 ¹¹
437 4656 470 4708 Ο.
484 4671 534 4707 om.
547 4662 601 4705 eta
612 4653 899 4704 sanctis-denunciant.
