3559 5442
344 728 345 740 ,
387 663 424 726 42
583 654 750 716 OPERIS
768 656 838 714 MA
833 654 969 734 JORIS
985 655 1106 716 PARS
1124 654 1353 717 SECUNDA.

387 837 470 898 quas
494 817 612 880 merito
628 818 734 881 sancti
757 826 867 900 patres
892 816 1051 900 legendas
1067 817 1268 901 persuadent
1277 817 1297 895 ¹,
1320 818 1477 900 quoniam
1502 824 1552 881 ex'

388 941 511 1002 magna
534 930 627 1003 parte
650 943 708 1004 per
726 943 783 984 eas
804 923 972 1004 appetitus
988 943 1007 984 a
1023 922 1209 985 carnalibus
1232 922 1329 985 rebus
1352 923 1549 997 extrahitur,

387 1034 421 1087 et
432 1024 556 1087 faciunt
568 1024 756 1088 desiderare
768 1046 854 1108 quae
863 1026 935 1088 solo
945 1027 1058 1088 animo
1070 1025 1247 1108 largiente²
1258 1026 1357 1089 corde
1370 1046 1548 1109 possumus

387 1128 566 1211 respicere!
599 1128 689 1193 Sed³
703 1129 784 1193 haec
800 1129 935 1212 copiose
947 1117 1249 1192 manifestabuntur
1263 1151 1323 1192 suo
1340 1130 1421 1193 loc0.
1457 1131 1502 1193 Et
1519 1131 1548 1193 si

388 1232 495 1295 dehis
512 1233 558 1295 ita
574 1254 608 1296 se
624 1233 733 1311 habet,
749 1233 856 1296 multo
879 1233 995 1296 fortius
1019 1233 1292 1316 metaphysicalia
1308 1244 1385 1298 sunt
1400 1255 1549 1297 consona

388 1335 560 1418 colloquiis
590 1337 717 1401 divinis.
774 1337 862 1399 Nam
890 1337 964 1400 loco
991 1338 1087 1400 unius
1114 1339 1217 1420 partis
1243 1337 1431 1419 theologiae
1457 1341 1547 1421 apud

388 1440 603 1523 philosophos
631 1441 860 1524 metaphysica
889 1450 950 1519 est,
979 1461 1166 1524 quaecum
1194 1441 1404 1525 philosophia
1432 1443 1548 1504 morali

389 1545 466 1607 ideo
492 1545 535 1607 ab
561 1545 607 1607 eis
633 1545 772 1609 scientia
795 1545 909 1608 divina
932 1555 966 1608 et
992 1544 1160 1628 theologia
1183 1546 1322 1628 physica
1343 1556 1489 1622 vocatur,
1511 1554 1550 1609 ut

390 1657 483 1730 patet
505 1669 550 1710 ex
573 1650 681 1730 primo
705 1648 957 1732 Metaphysicae
981 1649 1171 1712 Aristotelis
1194 1659 1228 1712 et
1250 1650 1428 1712 undecimo
1451 1658 1484 1712 et
1504 1669 1549 1712 ex

390 1772 480 1815 nono
503 1762 537 1816 et
557 1752 688 1815 decimo
710 1752 964 1836 Metaphysicae
987 1754 1189 1816 Avicennae.
1237 1754 1325 1816 Nam
1349 1753 1392 1816 de
1416 1754 1491 1816 Deo
1516 1763 1550 1816 et

389 1856 516 1937 angelis
532 1865 565 1918 et
580 1856 770 1938 hujusmodi
787 1857 908 1919 divinis
920 1856 1026 1920 multa
1041 1857 1238 1934 considerat,
1248 1866 1282 1920 et
1294 1857 1340 1920 sic
1352 1866 1446 1939 patet
1457 1858 1548 1938 quod

389 1961 497 2023 omnis
521 1960 703 2042 sapientiae
729 1969 931 2043 potestatem
954 1961 1102 2024 vindicat
1128 1982 1221 2023 sacra
1244 1960 1436 2044 scripturass.
1480 1960 1548 2025 Sed

390 2083 457 2126 non
474 2063 581 2126 solum
600 2064 808 2146 Augustinus
823 2065 922 2127 docet
938 2064 1108 2146 praedicta
1123 2065 1181 2127 sed
1197 2065 1261 2128 hoc
1277 2065 1399 2127 multos
1416 2074 1550 2127 sanctos

390 2167 506 2230 fecisse
536 2177 776 2231 commemorat
797 2188 873 2230 curn
898 2169 1036 2250 quaerit,
1061 2169 1201 2231 ‘Nonne
1222 2169 1400 2250 aspicimus
1423 2176 1552 2250 quanto

391 2292 471 2334 auro
508 2271 751 2336 subsarcinatus
787 2273 907 2335 exierit
936 2273 979 2335 de
1010 2272 1170 2355 Aegypto
1210 2272 1398 2354 Cyprianus
1435 2271 1553 2334 doctor

391 2376 606 2438 suavissimus
621 2385 655 2439 et
671 2385 797 2457 martyr
821 2375 1040 2452 beatissimus
1055 2386 1183 2458 quanto
1199 2376 1404 2452 Lactantius,
1424 2384 1553 2458 quanto

392 2479 606 2542 Victorinus4
622 2479 777 2562 Optatus,
795 2480 952 2556 Hilarius,
968 2489 1004 2543 ut
1027 2480 1069 2543 de
1091 2480 1174 2542 vivis
1197 2491 1335 2557 taceam,
1354 2490 1481 2561 quanto
1503 2479 1553 2541 in-

393 2583 613 2646 numerabiles
637 2583 763 2662 Graeci,
780 2583 870 2664 quod
894 2584 983 2666 prior
998 2583 1069 2668 ipse
1085 2583 1296 2646 fidelissimus
1320 2584 1385 2646 Dei
1409 2583 1553 2645 famulus

395 2687 554 2769 Moyses⁵
570 2687 728 2771 [fecerat],
750 2687 792 2751 de
815 2708 882 2770 quo
906 2689 1065 2771 scripturn
1089 2698 1140 2751 est
1166 2686 1257 2770 quod
1284 2686 1432 2750 eruditus
1456 2686 1554 2751 fuerit

394 2791 484 2854 omni
501 2791 662 2874 sapientia
679 2792 926 2876 Aegyptiorum
937 2790 989 2855 δῖ’

812 3145 1039 3210 cnprruruu
1065 3142 1138 3208 IV.7

440 3318 517 3380 Non
533 3315 641 3381 solum
658 3316 793 3398 quidem
810 3316 929 3379 beatus
946 3315 1167 3397 Augustinus,
1182 3312 1240 3377 sed
1257 3313 1359 3378 etiarn
1377 3313 1431 3377 alii
1448 3315 1555 3379 sancti

397 3431 556 3499 asserunt,
568 3420 681 3503 quod8
696 3429 729 3483 et
740 3421 811 3497 iste,
823 3430 856 3482 et
870 3419 1048 3501 figuratum
1061 3420 1163 3482 etiarn
1177 3418 1360 3482 ostendunt
1375 3428 1408 3482 et
1420 3431 1556 3482 sanctos

397 3525 443 3588 sic
450 3525 567 3588 fecisse
578 3523 767 3587 testantur⁸.
795 3523 883 3585 Nam
893 3522 1157 3604 Hieronymum⁹
1169 3521 1211 3584 ad
1223 3543 1382 3604 magnum
1390 3531 1556 3586 oratorem

397 3650 516 3692 censeo
526 3627 551 3666 ¹⁰
566 3627 609 3692 ad
633 3648 789 3712 praesens
811 3628 1010 3706 vocandum,
1021 3627 1078 3709 qui
1094 3627 1183 3702 dicit,
1199 3626 1310 3709 ‘Quid
1327 3636 1439 3690 autem
1456 3648 1557 3709 quae·

429 3779 439 3811 1
456 3779 488 3831 Ο.
502 3797 551 3831 om.
564 3780 817 3844 quas-persuadent.
1177 3777 1188 3808 ²
1205 3780 1238 3830 O.
1253 3796 1304 3829 om.
1319 3778 1404 3828 animo
1415 3778 1545 3843 largiente.

429 3859 439 3892 ³
457 3862 489 3911 Ο.
500 3877 549 3911 om.
564 3861 615 3911 Sed
626 3861 688 3910 haec
699 3861 902 3926 copiose—sacra
912 3859 1052 3927 scriptura!
1176 3860 1188 3891 ⁴
1203 3863 1246 3922 V.,
1259 3861 1385 3910 Victorius
1396 3862 1513 3925 Aptatns

430 3942 440 3974 ¹⁵
457 3943 487 3993 V.
502 3960 552 3993 orn.
565 3943 666 3994 fecerat.

429 4024 490 4078 ⁶0.
509 4042 559 4076 om.
579 4025 703 4075 reference
726 4032 752 4074 to
770 4025 916 4077 Lactantius
935 4025 985 4075 and
1004 4024 1125 4086 Hilarius,
1145 4025 1195 4074 and
1215 4025 1343 4090 generally
1360 4025 1498 4075 condenses
1515 4026 1559 4076 the

399 4124 514 4176 passage.

431 4189 441 4222 ⁷
455 4190 490 4255 J.,
506 4189 616 4240 Rubricr
632 4189 799 4254 [Capi]tulnm
810 4198 936 4254 quartum,
950 4189 976 4239 in
992 4205 1044 4254 quo
1055 4189 1122 4238 idem
1133 4187 1273 4238 ostenditur
1283 4204 1328 4253 per
1338 4188 1521 4255 Hieronymum
1534 4197 1560 4239 et

400 4273 504 4324 Bedam.

432 4353 443 4386 ⁸
459 4354 491 4405 Ο,
505 4370 554 4404 om.
567 4352 799 4418 quod-testantur.

432 4435 504 4501 ⁹0„
518 4435 799 4501 Hieronymus—dicit;
816 4434 848 4485 Ο.
862 4434 952 4499 begins
968 4434 1011 4484 the
1028 4433 1159 4498 quotation
1177 4433 1238 4484 with
1256 4433 1282 4484 Si
1299 4433 1440 4498 scripturas,
1460 4435 1523 4485 ends
1539 4435 1560 4485 it

400 4518 461 4571 with
480 4518 611 4583 gentilium
629 4515 708 4578 libris,
727 4517 884 4581 condensing
906 4517 949 4566 the
965 4515 1113 4578 remainder,
1135 4516 1186 4565 and
1204 4514 1308 4580 shifting
1325 4515 1367 4565 the
1387 4515 1511 4566 reference
1532 4527 1559 4567 to

401 4599 571 4666 Epimenides,
585 4597 635 4647 and
648 4599 788 4648 Menander
799 4606 826 4649 to
838 4598 888 4648 end
900 4597 930 4647 of
937 4597 1048 4662 chapter.

433 4681 453 4716 ¹⁰
469 4684 512 4745 V.,
527 4682 629 4732 Senteo.
